=LDR  00958cam a2200265Ia 4500
=001  2805674
=005  20100514144518.0
=008  900530s1898\\\\ilu\\\\\\\\\\\000\0\eng\d
=003  UIUdb
=035  \\$a(OCoLC)ocn614476176
=040  \\$aUIU$cUIU
=092  \\$a615.11$bH15
=049  \\$aUIUU
=100  1\$aHallberg, C. S. N.$q(Carl Svantè Nicanor),$d1856-1910.
=245  14$aThe 1900 pharmacopoeia in its relations to the special departments of medicine /$cby C.S.N. Hallberg, Ph.G. ...
=260  \\$a[Chicago] :$b[s.n.] ,$c[1898?].
=300  \\$a9 p. :$btables ;$c23 cm.
=500  \\$a"Read before the Chicago Academy of Medicine, February 11, 1898."
=650  \0$aPharmacopoeias.
=650  \0$aPharmacy.
=650  \0$aPharmacology.
=994  \\$aC0$bUIU
=955  \\$bark:/13960/t22c5781m$q1900pharmacopoei00hall
=852  8\$beresour-nc$hOnline Resource$t1
=856  41$3Full text - HathiTrust Digital Library$uhttps://hdl.handle.net/2027/uiuo.ark:/13960/t22c5781m

