=LDR  00906cam a22002771  4500
=001  1862116
=005  20071202212334.0
=008  900530s1899\\\\xx\\\\\\\\\\\\\\\\\\eng\u
=003  UIUdb
=035  \\$a(OCoLC)ocm77188779
=035  \\$9AOT-3040
=035  \\$9UC 05035722
=035  \\$auil00037026
=040  \\$dUtOrBLW
=100  1\$aBliss, Charles Listen.
=245  10$aAction of formaldehyde on enzymes and on certain proteids.
=260  \\$a[S.l.],$c[1899]
=300  \\$ap. 47-80 ;$ccm.
=500  \\$aBeing a reprint from Journal of experimental medicine. v.4. no.1.
=650  \0$aFormaldehyde.
=911  \\$1m$2AOT-3040$3UC 05035722$46/18/2004 13:52:07$a547 B61
=913  \\$12174
=910  \\$aMARS
=955  \\$bark:/13960/t7hr0521d$qactionofformalde00blis
=852  8\$beresour-nc$hOnline Resource$t1
=856  41$3Full text - HathiTrust Digital Library$uhttps://hdl.handle.net/2027/uiuo.ark:/13960/t7hr0521d

