=LDR  01070cam a22002771  4500
=001  1881030
=005  20071202212911.0
=008  900530s1887\\\\mau\\\\\\\\\\s\\\\\\eng\u
=003  UIUdb
=035  \\$a(OCoLC)ocm77190366
=035  \\$9AOX-8476
=035  \\$9UC 12059507
=035  \\$aurb00125362
=040  \\$dUtOrBLW
=110  1\$aMassachusetts.
=245  13$aAn act to authorize the Boston and Maine railroad to purchase the Eastern Railroad and certain other railroads operated by it and the Eastern Railroad Company, and to increase its capital stock.
=260  \\$a[Boston,$c1887]
=300  \\$a4 p. ;$ccm.
=440  \0$a[Doc.] / [Massachusetts. General Courts]. House ;$vno. 283
=500  \\$aCaption title.
=500  \\$aAt head of title: Commonwealth of Massachusetts. House: no. 283.
=610  20$aBoston and Maine Railroad.
=610  20$aEastern Railroad.
=955  \\$bark:/13960/t4xh5td2m$qacttoauthorizebo00mass
=852  8\$beresour-nc$hOnline Resource$t1
=856  41$3Full text - HathiTrust Digital Library$uhttps://hdl.handle.net/2027/uiuo.ark:/13960/t4xh5td2m

