=LDR  01073cam a2200313L  4500
=001  1881016
=005  20030810221445.0
=008  900530s1850\\\\meu\\\\\\l\\\s000\0\eng\d
=003  UIUdb
=035  \\$a(OCoLC)ocm13626397
=040  \\$aDRB$cDRB$dOCLCQ$dUIU
=035  \\$9AOX-8462
=035  \\$9UC 12059393
=049  \\$aUIUU
=110  1\$aMaine.
=240  10$aLaws, etc.
=245  13$aAn act to authorize the city of Portland to grant further aid in the construction of the Atlantic and St. Lawrence railroad.
=260  \\$a[Portland, Me.] :$bW.T. Johnson,$c[1850]
=300  \\$a18, [2] p. ;$c24 cm.
=490  0\$a[Legislature, 1850] House [Doc.],$vno. 18
=500  \\$aCaption title.
=610  20$aAtlantic and St. Lawrence Railroad Company.
=710  2\$aAtlantic and St. Lawrence Railroad Company.
=910  \\$arcp3902
=994  \\$a02$bUIU
=910  \\$aMARS
=955  \\$bark:/13960/t5dc47s5t$qacttoauthorizeci00main
=852  8\$beresour-nc$hOnline Resource$t1
=856  41$3Full text - HathiTrust Digital Library$uhttps://hdl.handle.net/2027/uiuo.ark:/13960/t5dc47s5t

