=LDR  01585cam a2200361Ma 4500
=001  1872840
=005  20100628163651.0
=008  900530s1836\\\\pau\\\\\\\\\\\000\0\eng\d
=003  UIUdb
=035  \\$a(OCoLC)ocm54743234
=040  \\$aPUL$cPUL$dPHA$dOCLCQ$dOCLCG
=024  8\$dC0250
=043  \\$an-us-pa
=049  \\$aUIUU
=110  1\$aPennsylvania.$bGeneral Assembly.
=245  13$aAn act to repeal the state tax on real and personal property and to continue and extend the improvements of the state by railroads and canals, and to charter a state bank to be called the United States Bank.
=260  \\$aHarrisburg :$bPrinted by Theo. Fenn,$c1836.
=300  \\$a15, [1] p. ;$c23 cm.
=500  \\$aSigned p. 15: Ner Middleswarth, speaker of the House of Representatives. Thomas S. Cunningham, speaker of the Senate. Joseph Ritner.
=500  \\$aBinding: printed wrappers.$5NjP
=510  4\$aThomson, T.R. Railroads,$c1446
=541  \\$cGift;$aSamuel L. Southard.
=580  \\$aForms part of the Samuel L. Southard Papers.
=650  \0$aProperty$xTaxation$zPennsylvania.
=650  \0$aRailroads$zPennsylvania.
=655  \7$aPrinted wrappers (Binding)$2rbbin
=700  1\$aSouthard, Samuel L.$q(Samuel Lewis),$d1819-1859,$eformer owner.$5NjP
=700  1\$aFenn, Theophilus,$d1800-1883.
=773  0\$7nnbd$tSamuel L. Southard Papers.$d1785-1848.
=994  \\$aC0$bUIU
=955  \\$bark:/13960/t1wf03096$qacttorepealstate00penn
=852  8\$beresour-nc$hOnline Resource$t1
=856  41$3Full text - HathiTrust Digital Library$uhttps://hdl.handle.net/2027/uiuo.ark:/13960/t1wf03096

