=LDR  01092cam a2200301I  4500
=001  1893158
=005  20030804174932.0
=008  900530s1905\\\\nyu\\\\\\\\\\\000\0\eng\\
=003  UIUdb
=010  \\$a   06011288 
=035  \\$a(OCoLC)ocm05973169
=040  \\$aDLC$cKKU$dKKU$dUIU
=035  \\$9AOZ-3627
=035  \\$9UC 11094119
=050  \\$aHC106$b.V2
=049  \\$aUIUU
=100  1\$aVanderlip, Frank A.$q(Frank Arthur),$d1864-1937.
=245  10$aAddress before the American Bankers' Association,$bWashington, October eleventh nineteen hundred and five$c[by] Frank A. Vanderlip.
=260  \\$a[New York,$c1905]
=300  \\$a14 p.$c24 cm.
=500  \\$a"The progress of financial events during the year which has elapsed since the last meeting of the American Banker's Association."  cf. p. 3.
=650  \0$aFinance.
=910  \\$arcp2430
=994  \\$a02$bUIU
=910  \\$aMARS
=955  \\$bark:/13960/t2h76n030$qaddressbeforeame00vand
=852  8\$beresour-nc$hOnline Resource$t1
=856  41$3Full text - HathiTrust Digital Library$uhttps://hdl.handle.net/2027/uiuo.ark:/13960/t2h76n030

