=LDR  02096cam a2200445Ii 4500
=001  7184668
=005  20130401084504.0
=008  911010s1869\\\\iau\\\\\\\\\\s000\0\eng\d
=003  UIUdb
=035  \\$a(OCoLC)ocm24525700
=040  \\$aDLM$beng$cDLM$dOCLCQ$erda$dUIU
=043  \\$an-us-ia
=090  \\$aS523$b.I59 1869
=049  \\$aUIUU
=245  00$aAddresses delivered at the opening of the Iowa State Agricultural College, March 17, 1869.
=264  \1$aDavenport, Iowa :$bGazette Premium Book & Job Printing Establishment,$c1869.
=300  \\$a47 pages ;$c23 cm
=336  \\$atext$btxt$2rdacontent
=337  \\$aunmediated$bn$2rdamedia
=338  \\$avolume$bnc$2rdacarrier
=563  \\$aPrinted wrappers.
=500  \\$aTitle vignette.
=505  0\$aAdress of welcome / by Lieut. Gov. Scott -- Address of ex-Lieut. Gov. B.F. Gue, President of the Board of Trustees -- Presentation of the charter and seal to the president / by Gov. Merrill -- Presentation of the keys to the president / by Hon. John Russell -- Inaugural address of Hon. A.S. Welch, president of the Iowa State Agricultural College -- Reply of Dr. Townshend -- The ideal farmer and his wife / by H.W. Parker.
=610  20$aIowa Agricultural College.
=650  \0$aAgricultural colleges$zIowa$zAmes.
=650  \0$aState universities and colleges$zIowa$zAmes.
=650  \0$aEducation, Higher$zIowa$zAmes.
=650  \0$aWomen$xEducation (Higher)$zIowa$zAmes.
=700  1\$aScott, John,$d1824-1903.
=700  1\$aGue, Benjamin F.,$d1828-1904.
=700  1\$aMerrill, Samuel,$d1822-1899.
=700  1\$aRussell, John,$dborn 1821.
=700  1\$aWelch, A. S.$q(Adonijah Strong),$d1821-1889.
=700  1\$aTownshend, N. S.$q(Norton Strange),$d1815-1895.
=700  12$aParker, Henry W.$q(Henry Webster),$d1822-1903.$tIdeal farmer and his wife.
=710  2\$aIowa Agricultural College.
=994  \\$aC0$bUIU
=955  \\$bark:/13960/t9j44zt0g$qaddressesdeliver00scot
=852  8\$beresour-nc$hOnline Resource$t1
=856  41$3Full text - HathiTrust Digital Library$uhttps://hdl.handle.net/2027/uiuo.ark:/13960/t9j44zt0g

