=LDR  01230cam a2200325Ia 4500
=001  1893628
=005  20030819195300.0
=008  900530s1920\\\\mdu\\\\\\\\\\\000\0\eng\d
=003  UIUdb
=010  \\$aa  20001523 
=035  \\$a(OCoLC)ocm38499201
=040  \\$aOSU$cOSU$dUIU
=035  \\$9AOZ-4097
=035  \\$9UC 12096259
=049  \\$aUIUU
=100  1\$aEsch, John J.$q(John Jacob),$d1861-1941.
=245  10$aAddress of Hon. John J. Esch :$bon the occasion of the dinner at the Waldorf-Astoria Hotel, New York on Monday evening, December 13, 1920 given in honor of S. Davies Warfield ...
=260  \\$aBaltimore, Md. :$bNational Association of Owners of Railroad Securities,$c[1920]
=300  \\$a17 p. ;$c23 cm.
=500  \\$aCover title.
=650  \0$aRailroads and state$zUnited States.
=630  00$aTransportation act, 1920.
=700  1\$aWarfield, Solomon Daives,$d1863-1927.
=710  2\$aNational Association of Owners of Railroad Securities.
=910  \\$arcp6088
=994  \\$a02$bUIU
=910  \\$aMARS
=955  \\$bark:/13960/t42s01v02$qaddressofhonjohn00esch
=852  8\$beresour-nc$hOnline Resource$t1
=856  41$3Full text - HathiTrust Digital Library$uhttps://hdl.handle.net/2027/uiuo.ark:/13960/t42s01v02

