=LDR  00948cam a2200277Ii 4500
=001  1861655
=005  20030810124212.0
=008  900530s1913\\\\alu\\\\\\\\\\\000\0\eng\d
=003  UIUdb
=035  \\$a(OCoLC)ocm05377462
=040  \\$aABC$cABC$dUIU
=035  \\$9AOT-2577
=035  \\$9UC 04075988
=090  \\$aHC107.A4$bO64 x
=049  \\$aUIUU
=100  1\$aO'Neal, Emmet,$d1853-1922.
=245  10$aAddress of welcome,$bdelivered before the Southern Commercial Congress, Mobile, Alabama, October 27, 1913 /$cby Emmet O'Neal, Governor of Alabama.
=260  \\$aMontgomery, Ala. :$bBrown Print. Co.,$c1913.
=300  \\$a8 p. ;$c23 cm.
=651  \0$aAlabama$xEconomic conditions.
=910  \\$arcp0600
=994  \\$a02$bUIU
=910  \\$aMARS
=955  \\$bark:/13960/t1jh9s004$qaddressofwelcome00onea
=852  8\$beresour-nc$hOnline Resource$t1
=856  41$3Full text - HathiTrust Digital Library$uhttps://hdl.handle.net/2027/uiuo.ark:/13960/t1jh9s004

