=LDR  00963cam a2200289K  4500
=001  1867386
=005  20030802195528.0
=008  900530s1908\\\\xx\\\\\\\\\\\\000\0\eng\d
=003  UIUdb
=035  \\$a(OCoLC)ocm21241937
=040  \\$aMFM$cMFM$dOCLCQ$dUIU
=035  \\$9AOT-8339
=035  \\$9UC 12099866
=090  \\$aHE203$b.S56 1908
=049  \\$aUIUU
=100  1\$aShonts, Theodore P.$q(Theodore Perry),$d1856-1919.
=245  10$aAddress on "Transportation",$bdelivered at the Appanoose Chautauqua, Centerville, Iowa, on Friday, August 27, 1908.
=260  \\$a[n.p.,$c1908?]
=300  \\$a14 p.
=650  \0$aTransportation$zUnited States.
=650  \0$aRailroads and state$zUnited States.
=910  \\$arcp3211
=994  \\$a02$bUIU
=910  \\$aMARS
=955  \\$bark:/13960/t3qv9r50h$qaddressontranspo00shon
=852  8\$beresour-nc$hOnline Resource$t1
=856  41$3Full text - HathiTrust Digital Library$uhttps://hdl.handle.net/2027/uiuo.ark:/13960/t3qv9r50h

