=LDR  01072cam a2200301I  4500
=001  1866869
=005  20030721072011.0
=008  900530s1921\\\\cau\\\\\\\\\\\000\0\eng\c
=003  UIUdb
=010  \\$aa  21001187 
=035  \\$a(OCoLC)ocm15067515
=040  \\$aBureau of Railway Economics$cRQE$dOCLCQ$dUIU
=035  \\$9AOT-7820
=035  \\$9UC 11093955
=090  \\$aHE2771.C2$bC3
=049  \\$aUIUU
=100  1\$aSproule, William,$d1858-1935.
=245  10$aAddress on transportation as a factor in business to the National Association of Credit Men, twenty-sixth annual convention, at San Francisco, June 17, 1921,$cby Wm. Sproule ...
=260  \\$a[San Francisco?,$c1921]
=300  \\$a1 p. l., 11 p.$c23 cm.
=650  \0$aTransportation$zUnited States.
=650  \0$aRailroads$zUnited States.
=910  \\$arcp6088
=994  \\$a02$bUIU
=910  \\$aMARS
=955  \\$bark:/13960/t4gn4ds7z$qaddressontranspo00spro_0
=852  8\$beresour-nc$hOnline Resource$t1
=856  41$3Full text - HathiTrust Digital Library$uhttps://hdl.handle.net/2027/uiuo.ark:/13960/t4gn4ds7z

