=LDR  00801cam a2200217M  4500
=001  7182601
=005  20130328145732.0
=008  960823s1903\\\\mou\\\\\\\\\\\000\0\eng\d
=003  UIUdb
=035  \\$a(OCoLC)ocm64060593
=040  \\$aCOO$cCOO$dOCLCG
=049  \\$aUIUU
=100  1\$aWaddell, J. A. L.$q(John Alexander Low),$d1854-1938.
=245  10$aAddress to the engineering students of the Missouri State University, April 2, 1903.
=260  \\$aK[ansas] C[ity], Mo.,$bLechtman printing co.,$c[1903].
=300  \\$a[2], 16 p. ;$c8vo.
=650  \0$aEngineering$xStudy and teaching.
=994  \\$aC0$bUIU
=955  \\$bark:/13960/t4wh8sb9h$qaddresstoenginee00wadd
=852  8\$beresour-nc$hOnline Resource$t1
=856  41$3Full text - HathiTrust Digital Library$uhttps://hdl.handle.net/2027/uiuo.ark:/13960/t4wh8sb9h

