=LDR  01064cam a2200313I  4500
=001  1867269
=005  20030804070302.0
=008  900530s1913\\\\mnu\\\\\\\\\\\000\0\eng\\
=003  UIUdb
=010  \\$a   13013418 
=035  \\$a(OCoLC)ocm06165408
=040  \\$aDLC$cVIC$dUIU
=035  \\$9AOT-8222
=035  \\$9UC 12095470
=050  \\$aHE1043$b.E58
=049  \\$aUIUU
=100  1\$aElliott, Howard,$d1860-1928.
=245  10$aAgriculture, banking and the carrier,$cby Howard Elliott. Address before the Minneapolis Chapter American Institute of Banking, Minneapolis, Minn., April 26, 1913.
=260  \\$a[Minneapolis,$c1913]
=300  \\$a19 p.$c23 cm.
=650  \0$aAgriculture$zNorthwestern States.
=650  \0$aRailroads$zUnited States.
=650  \0$aBanks and banking$zUnited States.
=910  \\$arcp3902
=994  \\$a02$bUIU
=910  \\$aMARS
=955  \\$bark:/13960/t3c02dc2n$qagriculturebanki00elli
=852  8\$beresour-nc$hOnline Resource$t1
=856  41$3Full text - HathiTrust Digital Library$uhttps://hdl.handle.net/2027/uiuo.ark:/13960/t3c02dc2n

