=LDR  00919cam a22002771  4500
=001  1866304
=005  20071202223822.0
=008  900530r18651865gw\\\\\\\\\\\\\\\\\bger\u
=003  UIUdb
=035  \\$a(OCoLC)ocm77189281
=035  \\$9AOT-7255
=035  \\$9UC 10088658
=035  \\$auil00059396
=040  \\$dUtOrBLW
=100  1\$aGrimm, Herman Friedrich,$d1828-1901.
=245  10$aAlbrecht Dürer in Venedig.
=260  \\$aBerlin,$c1865.
=300  \\$ap. [133]-170 ;$ccm.
=500  \\$aReprinted from "Üher künstler und kunstwerke" no. VII. VIII. juli, august, 1865.
=600  10$aDürer, Albrecht.
=911  \\$1m$2AOT-7255$3UC 10088658$47/8/2004 8:41:13$a759.3 D93g
=913  \\$151372
=910  \\$aMARS
=955  \\$bark:/13960/t8wb1d363$qalbrechtdurerinv00grim
=852  8\$beresour-nc$hOnline Resource$t1
=856  41$3Full text - HathiTrust Digital Library$uhttps://hdl.handle.net/2027/uiuo.ark:/13960/t8wb1d363

