=LDR  01133cam a2200313I  4500
=001  1863777
=005  20071230142904.0
=008  900530r19221922nyua\\\\\\\\\\000\0\eng\\
=003  UIUdb
=010  \\$a   24021329 
=035  \\$a(OCoLC)ocm05528593
=040  \\$aDLC$cCLE
=035  \\$9uc 07052660
=035  \\$9AOT-4714
=050  \\$aRC367$b.P55 1922a
=092  \\$a616.861
=049  \\$aUIUU
=100  1\$aPollock, Horatio Milo,$d1868-1950.
=245  10$aAlcoholic psychoses before and after prohibition,$cby Horatio M. Pollock.
=260  \\$aNew York city,$bThe National committee for mental hygiene, inc.,$c1922.
=300  \\$a1 p. ℓ., 11 p. incl. tables, diagrs.$c23 cm.
=490  0\$a[National committee for mental hygiene, New York] Reprint$vno. 160
=500  \\$a"Reprinted from Mental hygiene, vol. VI, no. 4, October, 1922, pp. 815-825."
=650  \0$aAlcoholism.
=699  \9$a616.861P76A
=994  \\$a92$bUIU
=955  \\$bark:/13960/t2c88h87q$qalcoholicpsychos00poll
=852  8\$beresour-nc$hOnline Resource$t1
=856  41$3Full text - HathiTrust Digital Library$uhttps://hdl.handle.net/2027/uiuo.ark:/13960/t2c88h87q

