=LDR  00957cam a22002891  4500
=001  3114314
=005  20071206231910.0
=008  900530r19051905xx\\\\\\\\\\\\\\\\\\eng\u
=003  UIUdb
=035  \\$a(OCoLC)ocm77337351
=035  \\$9ATZ-5842
=035  \\$9UC 06078130
=035  \\$auil00059701
=040  \\$dUtOrBLW
=100  1\$aHall, Winfield Scott,$db. 1861.
=245  10$aAltruism in the medical profession.
=260  \\$a[S.l.],$c1905.
=300  \\$a8 p. ;$c23 cm.
=500  \\$aCover title.
=500  \\$a"Reprinted from the Bulletin of the American Academy of Medicine, vol. VII, no. 4, December, 1905."
=650  \0$aMedical ethics.
=911  \\$1m$2ATZ-5842$3UC 06078130$47/8/2004 9:31:16$a610.4 H14A
=913  \\$122266
=910  \\$aMARS
=955  \\$bark:/13960/t68401758$qaltruisminmedica00hall
=852  8\$beresour-nc$hOnline Resource$t1
=856  41$3Full text - HathiTrust Digital Library$uhttps://hdl.handle.net/2027/uiuo.ark:/13960/t68401758

