=LDR  00885nam a2200253Ia 4500
=001  7230337
=005  20130515094037.0
=008  130515s1909\\\\nbu\\\\\\r\\\s000\0\eng\\
=003  UIUdb
=035  \\$a(OCoLC)ocn843112233
=040  \\$aUIU$cUIU
=043  \\$an-us-nb
=049  \\$aUIUU
=110  2\$aUniversity of Nebraska (Lincoln campus)
=245  10$aAlumni directory, class of 1908.
=260  \\$a[Lincoln, Neb. :$bThe University?$c1909?]
=300  \\$a[9] p. ;$c22 cm.
=500  \\$aCover title.
=610  20$aUniversity of Nebraska (Lincoln campus)$xAlumni and alumnae$vDirectories.
=650  \0$aUniversities and colleges$xAlumni and alumnae$vDirectories.
=994  \\$aC0$bUIU
=955  \\$bark:/13960/t8fg0074x$qalumnidirectoryc00univ
=852  8\$beresour-nc$hOnline Resource$t1
=856  41$3Full text - HathiTrust Digital Library$uhttps://hdl.handle.net/2027/uiuo.ark:/13960/t8fg0074x

