=LDR  01208ccm a2200349I  4500
=001  2940575
=005  20030802133514.0
=008  900530s1918\\\\nyuzza\\\\\\\\\n\\\\eng\d
=003  UIUdb
=035  \\$a(OCoLC)ocm22863304
=040  \\$aRER$cRER$dUIU
=028  30$a4582$bJ. Fischer & Bro.
=028  20$a4582-1$bJ. Fischer & Bro.
=035  \\$9ATE-5126
=035  \\$9UC 09036403
=090  \\$aM2072.4$b.D483A
=049  \\$aUIUU
=100  1\$aDett, R. Nathaniel,$d1882-1943.
=240  10$aAmerica the beautiful
=245  10$aAmerica the beautiful.$b[For mixed voices without accompaniment.$cWords by Katherine Lee Bates. Music by] R. Nathaniel Dett.
=260  \\$aNew York :$bJ. Fischer & Bro.,$c[c1918]
=300  \\$ascore (1 p.)$c27 cm.
=500  \\$aPublisher's no.: Fischer edition no. 4582.
=500  \\$aCover title.
=650  \0$aChoruses, Sacred (Mixed voices), Unaccompanied.
=700  1\$aBates, Katharine Lee,$d1859-1929.
=910  \\$arcp3356
=994  \\$a02$bUIU
=910  \\$aMARS
=955  \\$bark:/13960/t21c8691g$qamericabeautiful00dett
=852  8\$beresour-nc$hOnline Resource$t1
=856  41$3Full text - HathiTrust Digital Library$uhttps://hdl.handle.net/2027/uiuo.ark:/13960/t21c8691g

