=LDR  00912cam a22002771  4500
=001  3033032
=005  20071206221518.0
=008  900530s1879\\\\dcu\\\\\\\\\\\\\\\\\eng\u
=003  UIUdb
=010  \\$a   07039924 
=035  \\$a(OCoLC)ocm77332640
=035  \\$9ATP-7749
=035  \\$9UC 04075998
=035  \\$auil00024188
=040  \\$dUtOrBLW
=110  2\$aAmerican Chamber of Commerce, Manufactures, Trade and Agriculture.
=245  14$aThe American Chamber of Commerce.
=260  \\$aWashington, D.C.,$c[1879]
=300  \\$a30 p., 1 leaf ;$c23 cm.
=650  \0$aOfficers, charter and constitution.
=911  \\$1m$2ATP-7749$3UC 04075998$46/6/2004 13:52:55$a381 AM3
=913  \\$129218
=910  \\$aMARS
=955  \\$bark:/13960/t44r43v8j$qamericanchambero00amer
=852  8\$beresour-nc$hOnline Resource$t1
=856  41$3Full text - HathiTrust Digital Library$uhttps://hdl.handle.net/2027/uiuo.ark:/13960/t44r43v8j

