=LDR  00901cam a2200289K  4500
=001  2071054
=005  20030810104806.0
=008  900530r19151915pau\\\\\\\\\\\000\0\eng\d
=003  UIUdb
=035  \\$a(OCoLC)ocm43873785
=040  \\$aNYP$cNYP$dUIU
=035  \\$9APU-2238
=035  \\$9UC 04078734
=049  \\$aUIUU
=100  1\$aJohnston, Franklin.
=245  10$aAmerican export policies,$cby Franklin Johnston ...
=260  \\$a[Philadelphia,$c1915]
=300  \\$a9 p.$c8vo.
=500  \\$aCaption-title.
=500  \\$aRepr.: Amer. Acad. of Political and Social Science. Annals. Sept. 1915.
=650  \4$aCommerce, United States.
=910  \\$arcp0200
=994  \\$a02$bUIU
=910  \\$aMARS
=955  \\$bark:/13960/t9j45009v$qamericanexportpo00john
=852  8\$beresour-nc$hOnline Resource$t1
=856  41$3Full text - HathiTrust Digital Library$uhttps://hdl.handle.net/2027/uiuo.ark:/13960/t9j45009v

