=LDR  01041cam a2200265Ii 4500
=001  7285461
=005  20130726113907.0
=008  760213s1915\\\\nyu\\\\\\\\\\\000\0\eng\d
=003  UIUdb
=035  \\$a(OCoLC)ocm01989114
=040  \\$aBAN$beng$cBAN$dOCL$dOCLCQ$dOCLCG$dKRTAS$dOCLCQ
=043  \\$an-us---
=090  \\$aE169.1$b.A44
=049  \\$aUIUU
=245  00$aAmerican ideals :$ba symposium : addresses delivered at Saturday discussions of the Republican Club, March 27th, 1915 /$cby John Bassett Moore ... [et al.].
=260  \\$aNew York :$bSaturday Discussions Committee, Republican Club,$c1915.
=300  \\$a40 p. ;$c23 cm.
=651  \0$aUnited States$xCivilization.
=700  1\$aMoore, John Bassett,$d1860-1947.
=710  2\$aNational Republican Club.
=938  \\$aKirtas Technologies, Inc.$bKRTS$n596573
=994  \\$aC0$bUIU
=955  \\$bark:/13960/t0kt2ws5k$qamericanidealssy00moor
=852  8\$beresour-nc$hOnline Resource$t1
=856  41$3Full text - HathiTrust Digital Library$uhttps://hdl.handle.net/2027/uiuo.ark:/13960/t0kt2ws5k

