=LDR  00973cam a2200289I  4500
=001  2355217
=005  20030721093049.0
=008  900530s1910\\\\enk\\\\\\\\\\\000\0\eng\\
=003  UIUdb
=010  \\$aa  13002095 
=035  \\$a(OCoLC)ocm05367959
=040  \\$aDLC$cAFU$dOCL$dUIU
=035  \\$9AQW-9678
=035  \\$9UC 12096011
=090  \\$aHE1051$b.L42
=049  \\$aUIUU
=100  1\$aLee, Ivy L.$q(Ivy Ledbetter),$d1877-1934.
=245  14$aThe American railway problem.$cAn address by Ivy L. Lee, delivered before the London school of economics on 7 February, 1910.
=260  \\$aLondon :$bB.F. Stevens & Brown,$c[1910]
=300  \\$a32 p.$c19 cm.
=650  \0$aRailroads and state$zUnited States.
=910  \\$arcp6088
=994  \\$a02$bUIU
=910  \\$aMARS
=955  \\$bark:/13960/t21c86j04$qamericanrailwayp00leei
=852  8\$beresour-nc$hOnline Resource$t1
=856  41$3Full text - HathiTrust Digital Library$uhttps://hdl.handle.net/2027/uiuo.ark:/13960/t21c86j04

