=LDR  00848cam a2200241M  4500
=001  1760237
=005  20170721144144.0
=008  900530r19011901nyu\\\\\\\\\\\000\0\eng\d
=003  UIUdb
=035  \\$a(OCoLC)ocm64057002
=040  \\$aCOO$beng$cCOO$dOCLCQ
=049  \\$aUIUU
=245  00$aAmerica to-day.$cReprinted from the Daily Telegraph, London, England, September 9th, 1901, by the League of Associated Engineers, New York.
=260  \\$aNew York,$c1901.
=300  \\$a20 pages ;$c23 cm
=336  \\$atext$btxt$2rdacontent
=337  \\$aunmediated$bn$2rdamedia
=338  \\$avolume$bnc$2rdacarrier
=651  \0$aUnited States.
=994  \\$aC0$bUIU
=955  \\$bark:/13960/t3xt1xj7c$qamericatoday00unse
=852  8\$beresour-nc$hOnline Resource$t1
=856  41$3Full text - HathiTrust Digital Library$uhttps://hdl.handle.net/2027/uiuo.ark:/13960/t3xt1xj7c

