=LDR  01083cam a22002651  4500
=001  2964318
=005  20080123223904.0
=008  900530s1905\\\\xx\\\\\\\\\\\\\\\\\\eng\u
=003  UIUdb
=035  \\$a(OCoLC)ocm77330192
=035  \\$9ATH-2284
=035  \\$9UC 12058743
=035  \\$auil00069371
=040  \\$dUtOrBLW
=100  1\$aStickney, Alpheus Beede.
=245  13$aAn analysis of the relation of the rates on live stock and the products of live stock, based on the cost of carriage :$bthe testimony in the trial in the United States court, Sept. 1905, of the case of Interstate commerce commission vs. The Chicago Western Railway Company and other companies.
=260  \\$a[S.l.,$c1905]
=300  \\$a36 p. ;$ccm.
=650  \0$aRailroads$zUnited States$xRates.
=911  \\$1m$2ATH-2284$3UC 12058743$47/14/2004 16:24:45$a385.2312 ST51A
=913  \\$122767
=910  \\$aMARS
=955  \\$bark:/13960/t7fr63h2j$qanalysisofrelati00stic
=852  8\$beresour-nc$hOnline Resource$t1
=856  41$3Full text - HathiTrust Digital Library$uhttps://hdl.handle.net/2027/uiuo.ark:/13960/t7fr63h2j

