=LDR  01484nam a2200349Ii 4500
=001  7200521
=005  20130412151438.0
=008  130412s1917\\\\ksu\\\\\\\\\\s000\0\eng\d
=003  UIUdb
=035  \\$a(OCoLC)ocn838638205
=040  \\$aUIU$cUIU$erda
=043  \\$an-us-ks
=049  \\$aUIUU
=110  2\$aKansas State Agricultural College.$bDivision of General Science.
=245  10$aAnnouncement 1917-1918 /$cDivision of General Science.
=246  3\$aAnnouncement Division of General Science 1917-1918
=264  \1$aManhattan, Kansas :$bPublished by the College,$c[1917]
=264  \3$aTopeka :$bKansas State Printing Plant, W.R. Smith, state printer,$c1917.
=300  \\$a28 pages ;$c23 cm.
=336  \\$atext$btxt$2rdacontent
=337  \\$aunmediated$bn$2rdamedia
=338  \\$avolume$bnc$2rdacarrier
=490  1\$aKansas State Agricultural College bulletin ;$vvol. I, no. 14, July 1917
=500  \\$aPages numbered in words.
=610  20$aKansas State Agricultural College.$bDivision of General Science$xCurricula.
=650  \0$aScience$xStudy and teaching (Higher)$zKansas$zManhattan.
=650  \0$aAgricultural colleges$xCurricula$zKansas$zManhattan.
=830  \0$aKansas State Agricultural College bulletin ;$vvol. 1, no. 14, July 1917.
=994  \\$aC0$bUIU
=955  \\$bark:/13960/t57d93892$qannouncement191700kans_0
=852  8\$beresour-nc$hOnline Resource$t1
=856  41$3Full text - HathiTrust Digital Library$uhttps://hdl.handle.net/2027/uiuo.ark:/13960/t57d93892

