=LDR  01799camaa2200397Ii 4500
=001  7112080
=005  20130222102711.0
=008  130222s1908\\\\ilu\\\\\\cr\\s000\0\eng\d
=003  UIUdb
=035  \\$a(OCoLC)ocn828190673
=040  \\$aUIU$beng$cUIU$erda$dUIU
=043  \\$an-us-il
=092  \\$aC.$bIℓ6wnH1907/08
=049  \\$aUIUU
=110  2\$aWestern Illinois University.
=245  10$aAnnual report of the Western Illinois State Normal School for the year ending August 31, 1908 :$bcatalogue for 1907-08
=246  14$aMilitary Tract, Western Illinois State Normal School at Macomb, Ill., principal's report, register, 1908:09
=246  1\$iCover title should read:$aMilitary Tract, Western Illinois State Normal School at Macomb, Ill., principal's report, register, 1907:08
=246  3\$aPrincipal's report, register, 1907-08
=264  \1$a[Macomb, Ill.] :$b[Western Illinois State Normal School],$c[1907]
=300  \\$a73 pages ;$c18 cm.
=336  \\$atext$2rdacontent
=337  \\$aunmediated$2rdamedia
=338  \\$avolume$2rdacarrier
=563  \\$aBound with two gatherings of pages 1-16 (that is: 16, 73 pages).$5IU
=610  20$aWestern Illinois University.
=610  20$aWestern Illinois University$xAlumni and alumnae$vDirectories.
=610  20$aWestern Illinois University$xFaculty$vRegisters.
=650  \0$aCollege students$zIllinois$zMacomb$vDirectories.
=650  \0$aUniversities and colleges$zIllinois$zMacomb.
=610  20$aWestern Illinois University$xCurricula$vCatalogs.
=650  \0$aTeachers$xTraining of$zIllinois$zMacomb.
=994  \\$aC0$bUIU
=955  \\$bark:/13960/t5t78mf5r$qannualreportofwe00west_0
=852  8\$beresour-nc$hOnline Resource$t1
=856  41$3Full text - HathiTrust Digital Library$uhttps://hdl.handle.net/2027/uiuo.ark:/13960/t5t78mf5r

