=LDR  01468namaa2200361Ii 4500
=001  7112121
=005  20130222103555.0
=008  130222s1908\\\\ilu\\\\\\cr\\s000\0\eng\d
=003  UIUdb
=035  \\$a(OCoLC)ocn828196201
=040  \\$aUIU$beng$erda$cUIU
=043  \\$an-us-il$ae-uk---
=092  \\$aC.$bIℓ6wnH1908/09
=049  \\$aUIUU
=110  2\$aWestern Illinois University.
=245  10$aAnnual report of the Western Illinois State Normal School for the year ending August 30, 1909 :$bregister for 1908-09.
=246  14$aPrincipal's report, annual register, 1908-1909
=246  3\$aWestern Illinois State Normal School, Macomb, Illinois, principal's report, annual register, 1908-1909
=264  \1$a[Macomb, Ill.] :$b[Western Illinois State Normal School],$c[1908]
=300  \\$a94 pages ;$c18 cm.
=336  \\$atext$2rdacontent
=337  \\$aunmediated$2rdamedia
=338  \\$avolume$2rdacarrier
=610  20$aWestern Illinois University.
=610  20$aWestern Illinois University$xFaculty$vRegisters.
=650  \0$aCollege students$zIllinois$zMacomb$vDirectories.
=650  \0$aUniversities and colleges$zIllinois$zMacomb.
=650  \0$aEducation$zGreat Britain.
=650  \0$aTeachers$xTraining of$zIllinois$zMacomb.
=994  \\$aC0$bUIU
=955  \\$bark:/13960/t4hn1fh2j$qannualreportofwe00west
=852  8\$beresour-nc$hOnline Resource$t1
=856  41$3Full text - HathiTrust Digital Library$uhttps://hdl.handle.net/2027/uiuo.ark:/13960/t4hn1fh2j

