=LDR  01127cam a22003137  4500
=001  2934259
=005  20071205235458.0
=008  900530s1910\\\\pl\\\\\\\\\\\\000\0\ger\d
=003  UIUdb
=035  \\$a(OCoLC)ocm77327736
=035  \\$9ATD-8797
=035  \\$9UC 04035941
=035  \\$a(CStRLIN)MAHGAOX20259-B
=040  \\$aMH-Ed$cMH-Ed$dCStRLIN
=050  \4$aL31$b.P322 no.[204]
=100  1\$aMaetschke, W.
=245  10$aAnweisung über Einrichtung und Gebrauch des Selbstdiktierers zur selbständigen Einprägung des grundlegenden Rechtschreibestoffes.
=250  \\$a2. Aufl.
=260  \\$aLissa i.P. :$bOskar Eulitz,$c1910.
=300  \\$a27 p. ;$ccm.
=500  \\$aNo. 3. in a bound volume of the Pädagogische Studien.
=650  \0$aDictation (Educational method)
=911  \\$1m$2ATD-8797$3UC 04035941$47/12/2004 16:46:13$a371.3 M26A2
=913  \\$114245
=987  \\$amissing$bmatch points
=910  \\$aMARS
=955  \\$bark:/13960/t5p90h50x$qanweisunguberein00maet
=852  8\$beresour-nc$hOnline Resource$t1
=856  41$3Full text - HathiTrust Digital Library$uhttps://hdl.handle.net/2027/uiuo.ark:/13960/t5p90h50x

