=LDR  01018cam a2200253K  4500
=001  2967847
=005  20030806140941.0
=008  900530s1900\\\\ilu\\\\\\\\\\\000\0\eng\d
=003  UIUdb
=035  \\$a(OCoLC)ocm41200840
=040  \\$aCGU$cCGU$dUIU
=035  \\$9ATH-5817
=035  \\$9UC 17035829
=049  \\$aUIUU
=110  2\$aIllinois Central Railroad Company.
=245  10$aArbitration of cotton rates from Mississippi, Alabama, and Tennessee to the cotton mill territory of the Carolinas.$bSouthern railway company vs. Illinois central railroad company et al., before S.R. Knott, esq., T.G. Bush, esq., arbitrators. Argument in behalf of Illinois central and Yasoo & Mississippi Valley railroads.
=260  \\$a[Chicago,$c1900]
=300  \\$a59 p.
=910  \\$arcp2268
=994  \\$a02$bUIU
=910  \\$aMARS
=955  \\$bark:/13960/t54f80k9w$qarbitrationofcot00illi
=852  8\$beresour-nc$hOnline Resource$t1
=856  41$3Full text - HathiTrust Digital Library$uhttps://hdl.handle.net/2027/uiuo.ark:/13960/t54f80k9w

