=LDR  00974cam a22002771  4500
=001  2932967
=005  20071205232804.0
=008  900530r19151915pau\\\\\\\\\\\\\\\\\eng\u
=003  UIUdb
=035  \\$a(OCoLC)ocm77327628
=035  \\$9ATD-7502
=035  \\$9UC 03034020
=035  \\$ashi00009911
=040  \\$dUtOrBLW
=100  1\$aMach, Edmund von,$d1870-1927.
=245  13$aAn argument against the exportation of arms.
=260  \\$aPhiladelphia,$c1915.
=300  \\$a3 p. ;$ccm.
=500  \\$aCaption title.
=500  \\$aReprinted from the annals of the American Academy of Political and Social Science, Philadelphia, July 1915. Publication no. 914.
=650  \0$aNeutrality.
=911  \\$a341.3 M18A$1m$2ATD-7502$3UC 03034020$43/30/2004 18:41:36
=910  \\$aMARS
=955  \\$bark:/13960/t4zh2v382$qargumentagainste00mach
=852  8\$beresour-nc$hOnline Resource$t1
=856  41$3Full text - HathiTrust Digital Library$uhttps://hdl.handle.net/2027/uiuo.ark:/13960/t4zh2v382

