=LDR  00984cam a22002653  4500
=001  2945157
=005  20030804091332.0
=008  900530s1882\\\\mau\\\\\\\\\\\000\0\eng\d
=003  UIUdb
=035  \\$a(OCoLC)ocm49477826
=040  \\$aCGU$cCGU$dUIU
=035  \\$9ATE-9722
=035  \\$9UC 12096922
=049  \\$aUIUU
=110  2\$aChamber of Commerce of Metropolitan Baltimore.
=245  10$aArgument of the committee appointed to represent the Baltimore corn and flour exchange,$bon the subject of differential rates, before the "Advisory commission" of the trunk-line railroads ...
=260  \\$aBaltimore,$c1882.
=300  \\$a21, [2] p. incl. tables.$c22 cm.
=650  \0$aRailroads$xFreight$xRates$zUnited States.
=910  \\$arcp3254
=994  \\$a02$bUIU
=910  \\$aMARS
=955  \\$bark:/13960/t74v2tf9f$qargumentofcommit00cham
=852  8\$beresour-nc$hOnline Resource$t1
=856  41$3Full text - HathiTrust Digital Library$uhttps://hdl.handle.net/2027/uiuo.ark:/13960/t74v2tf9f

