=LDR  01034nam a2200205 a 4500
=001  1241109
=005  20020415162033.0
=008  840305s1880\\\\nyu\\\\\\\\\\\00010\engmd
=003  UIUdb
=035  \\$a(OCoLC)ocm10484697
=035  \\$9AHE-4184
=040  \\$aVPI$cVPI$dJCR
=100  10$aDepew, Chauncey M.$q(Chauncey Mitchell),$d1834-1928.
=245  10$aArgument of Hon. Chauncey M. Depew before the Assembly Committee on Railroads, in opposition to the bill "An Act to Regulate the Transportation of Freight by Railroad Corporations" and also the bill "An Act to Create a Board of Railroad Commissioners and to Define and Regulate Their Powers and Duties", March 17, 1880.
=260  0\$aAlbany [N.Y.] :$bPrinting House of Charles Van Benthaysen & Sons,$c1880.
=300  \\$a30 p. ;$c23 cm.
=650  \0$aRailroads and state$zNew York (State)
=955  \\$bark:/13960/t30352h1k$qargumentofhoncha00depe
=852  8\$beresour-nc$hOnline Resource$t1
=856  41$3Full text - HathiTrust Digital Library$uhttps://hdl.handle.net/2027/uiuo.ark:/13960/t30352h1k

