=LDR  00666cam a2200205Ma 4500
=001  3115922
=005  20110414152423.0
=008  900530s1854\\\\xx\\\\\\\\\\\\000\0\eng\d
=003  UIUdb
=035  \\$a(OCoLC)ocm57274834
=040  \\$aNL4$cNL4$dOCLCQ
=049  \\$aUIUU
=100  1\$aManchester loan and fund association.
=245  10$aArticles of association.
=260  \\$aManchester, N.H. :$bAbbot, Jenks & Co.,$c1854.
=300  \\$a31 p. ;$c16 cm.
=994  \\$aC0$bUIU
=955  \\$bark:/13960/t19m0jm36$qarticlesofassoci00manc
=852  8\$beresour-nc$hOnline Resource$t1
=856  41$3Full text - HathiTrust Digital Library$uhttps://hdl.handle.net/2027/uiuo.ark:/13960/t19m0jm36

