=LDR  00900cam a2200289M  4500
=001  2932335
=005  20030802074656.0
=008  900530s1911\\\\gw\\\\\\\\\\\\000\0\ger\d
=003  UIUdb
=035  \\$a(OCoLC)ocm35604953
=040  \\$aZCU$cZCU$dUIU
=035  \\$9ATD-6869
=035  \\$9UC 02083803
=049  \\$aUIUU
=100  1\$aDroz̆yński, Leon,$d1881-
=245  10$aAtmungs- und Pulssymptome rhythmischer Gefühle.$cMit 2 Taf.
=260  \\$aLeipzig :$bW. Engelmann,$c1911.
=300  \\$a58 p.
=500  \\$aAus Psychol. Studien, hsg. v. Wundt, Bd. 7, H. 1/2.
=502  \\$aLeipzig, Phil. Diss.
=650  \0$aReaction time.
=910  \\$arcp2404
=994  \\$a02$bUIU
=910  \\$aMARS
=955  \\$bark:/13960/t9d56v76c$qatmungsundpulssy00droz
=852  8\$beresour-nc$hOnline Resource$t1
=856  41$3Full text - HathiTrust Digital Library$uhttps://hdl.handle.net/2027/uiuo.ark:/13960/t9d56v76c

