=LDR  01130cam a2200325Ma 4500
=001  3127747
=005  20030801081925.0
=008  900530s1919\\\\xxu\\\\\\\\\\\000\0\eng\d
=003  UIUdb
=035  \\$a(OCoLC)ocm32956325
=040  \\$aBHA$cBHA$dUIU
=035  \\$9AUA-9318
=035  \\$9UC 17078499
=049  \\$aUIUU
=100  1\$aPease, Arthur Stanley,$d1881-
=245  14$aThe attitude of Jerome towards pagan literature /$cby Arthur Stanley Pease.
=260  \\$a[S.l. :$bs.n.],$c1919.
=300  \\$ap. [150]-167 ;$c24 cm.
=500  \\$aCaption title.
=500  \\$a"Extracted from Transactions of the American Philological Association, Vol. I, 1919."
=504  \\$aIncludes bibliographical references.
=600  00$aJerome,$cSaint,$dd. 419 or 20.
=650  \0$aClassical literature.
=740  0\$aTransactions of the American Philological Association.
=910  \\$arcp3254
=994  \\$a02$bUIU
=910  \\$aMARS
=955  \\$bark:/13960/t1qg4xb2j$qattitudeofjerome00peas
=852  8\$beresour-nc$hOnline Resource$t1
=856  41$3Full text - HathiTrust Digital Library$uhttps://hdl.handle.net/2027/uiuo.ark:/13960/t1qg4xb2j

