=LDR  00833cam a2200289K  4500
=001  2978289
=005  20030730223626.0
=008  900530m19139999gw\\\\\\\\\\\\000\0\ger\d
=003  UIUdb
=035  \\$a(OCoLC)ocm37807979
=040  \\$aNYP$cNYP$dUIU
=035  \\$9ATK-1361
=035  \\$9UC 02091016
=049  \\$aUIUU
=100  1\$aDamaschke, Adolf,$d1865-1935.
=245  10$aAufgaben der Gemeindepolitik.
=250  \\$a6. ed.
=260  \\$aJena :$bG. Fisher,$c1913-
=300  \\$av.$c8vo.
=650  \4$aMunicipal government.
=700  1\$aFerdinand, Wilhelm.
=910  \\$arcp2430
=994  \\$a02$bUIU
=910  \\$aMARS
=955  \\$bark:/13960/t4gn4ds6g$qaufgabendergemei01dama$vv.1
=852  8\$beresour-nc$hOnline Resource$t1
=856  41$3Full text - HathiTrust Digital Library$uhttps://hdl.handle.net/2027/uiuo.ark:/13960/t4gn4ds6g

