=LDR  01207cam a2200313Ia 4500
=001  2967260
=005  20030806121637.0
=008  900530s1915\\\\gw\\\\\\\\\\\\000\0\ger\d
=003  UIUdb
=035  \\$a(OCoLC)ocm32617907
=040  \\$aCKM$cCKM$dUIU
=035  \\$9ATH-5228
=035  \\$9UC 16058726
=090  \\$aD635$b.S279a
=049  \\$aUIUU
=245  00$aAus- und Durchfuhrverbote der wichtigsten kriegführenden und neutralen Staaten während des Krieges 1914/15 /$cim Auftrage des Handelsvertragsvereins bearbeitet und zusammengestellt von Franz Benjamin Schaeffer ; abgeschlossen am 15. Dezember 1914.
=260  \\$aBerlin :$bHeyman,$c1915.
=300  \\$aviii, 63 p. ;$c24 cm. +$eNachtrag (14 p.)
=500  \\$a"Nachtrag; 10 Feb. 1915. Berlin : Heyman, 1915."
=650  \0$aTariff$zGermany.
=650  \0$aContraband of war.
=650  \0$aWorld War, 1914-1918$xEconomic aspects.
=700  1\$aSchaeffer, Franz Benjamin,$d1889-
=910  \\$arcp3596
=994  \\$a02$bUIU
=910  \\$aMARS
=955  \\$bark:/13960/t6p04cs8w$qausunddurchfuhrv00scha
=852  8\$beresour-nc$hOnline Resource$t1
=856  41$3Full text - HathiTrust Digital Library$uhttps://hdl.handle.net/2027/uiuo.ark:/13960/t6p04cs8w

