=LDR  01177ccm a2200337Mi 4500
=001  3117112
=005  20140415142929.0
=008  900530s1899\\\\nyumoa\\\\\\\\\n\\\\lat\d
=003  UIUdb
=035  \\$a(OCoLC)ocm22100219
=040  \\$aCUY$cCUY$dUIU
=035  \\$9ATZ-8652
=035  \\$9UC 09035144
=048  \\$aca03
=048  \\$aca04
=049  \\$aUIUU
=100  0\$aJosquin,$cdes Prez,$d-1521.
=245  10$aAve verum corpus :$bmotet for two and three voices /$c[by] Josquin de Pres ; ed. by Frank Damrosch.
=260  \\$a[New York :$bG. Schirmer ;$aBoston :$bBoston music co.],$cc1899.
=300  \\$a1 score (3 p.) ;$c28 cm.
=490  1\$aSchirmer's octavo Catholic church music ;$vno. 6401
=650  \0$aMotets.
=650  \0$aChoruses, Sacred (Mixed voices), Unaccompanied.
=700  1\$aDamrosch, Frank Heino,$d1859-1937.
=830  \0$aG. Schirmer's octavo Catholic Church music ;$vno. 6401.
=910  \\$arcp3356
=994  \\$a02$bUIU
=910  \\$aMARS
=955  \\$bark:/13960/t32294c4v$qaveverumcorpusmo00josq_0
=852  8\$beresour-nc$hOnline Resource$t1
=856  41$3Full text - HathiTrust Digital Library$uhttps://hdl.handle.net/2027/uiuo.ark:/13960/t32294c4v

