=LDR  01208cam a2200277Ma 4500
=001  2983651
=005  20030803074252.0
=008  900530s1917\\\\dcu\\\\\\\\\\l000\0\eng\d
=003  UIUdb
=035  \\$a(OCoLC)ocm46413509
=040  \\$aOKU$cOKU$dUIU
=035  \\$9ATK-6756
=035  \\$9UC 11094498
=049  \\$aUIUU
=110  2\$aPublic Utilities Commission of the District of Columbia.
=245  10$aBalance sheets of the public utilities of the District of Columbia :$bletters from the chairman of Public Utilities Commission of the District of Columbia, transmitting the balance sheets for the year ended December 31, 1916, and other information required by the Public Utilities Commission of the various utilities under its jurisdiction for the year ended December 31, 1915.
=260  \\$aWashington :$bG.P.O.,$c1917.
=300  \\$a180 p. ;$c23 cm.
=500  \\$aC.W. Kutz, chairman.
=650  \0$aPublic utilities$zWashington (D.C.)
=910  \\$arcp2430
=994  \\$a02$bUIU
=910  \\$aMARS
=955  \\$bark:/13960/t4tj4qj9k$qbalancesheetsofp00publ_0
=852  8\$beresour-nc$hOnline Resource$t1
=856  41$3Full text - HathiTrust Digital Library$uhttps://hdl.handle.net/2027/uiuo.ark:/13960/t4tj4qj9k

