=LDR  01058cam a2200289I  4500
=001  2956360
=005  20030819200007.0
=008  900530s1920\\\\nyuf\\\\\\\\\\000\0\eng\\
=003  UIUdb
=010  \\$a   20020985 
=035  \\$a(OCoLC)ocm07528592
=040  \\$aDLC$cKAT$dUIU
=035  \\$9ATG-4311
=035  \\$9UC 01001691
=050  \\$aBV2766.M7$bK4 1920
=049  \\$aUIUU
=100  1\$aKeeler, Ellen Coughlin.
=245  14$aThe balance wheel$c[by] Ellen Coughlin Keeler; a condensed history of the Woman's home missionary society of the Methodist Episcopal church, 1880-1920.
=260  \\$aNew York city :$bWoman's home missionary society, Methodist Episcopal church,$c[c1920]
=300  \\$a216 p.$bplates.$c19¹/₂ cm.
=610  20$aWoman's Home Missionary Society (Cincinnati, Ohio)
=910  \\$arcp2082
=994  \\$a02$bUIU
=910  \\$aMARS
=955  \\$bark:/13960/t1vf31v9d$qbalancewheel00keel_0
=852  8\$beresour-nc$hOnline Resource$t1
=856  41$3Full text - HathiTrust Digital Library$uhttps://hdl.handle.net/2027/uiuo.ark:/13960/t1vf31v9d

