=LDR  00947nam a2200277 a 4500
=001  976541
=005  20020415161858.0
=008  870416s1886\\\\iau\\\\\\\\\\\00000\dan\d
=003  UIUdb
=035  \\$a(OCoLC)ocm15538382
=035  \\$9AEB-0583
=040  \\$aUIU$cUIU
=041  1\$adan$hswe
=245  00$aBarnedaabens historie.
=260  0\$aCedar Falls, Iowa :$b"Dannevirke"s trykkeri,$c1886.
=300  \\$a88 p. ;$c18 cm.
=490  1\$aSmaaskrifter / udg. af "Den danske evang.-luth. kirke i Amerika" ;$vno. 1
=500  \\$a"Oversat fra svensk."
=500  \\$a"Forord" signed: Kr. Anker, Th. Lyngby.
=650  \0$aInfant baptism$yEarly church, ca. 30-600
=700  10$aAnker, Kr.
=700  10$aLyngby, Th.
=830  \0$aSmaaskrifter ;$vno. 1.
=955  \\$bark:/13960/t05x8j282$qbarnedaabenshist00anke
=852  8\$beresour-nc$hOnline Resource$t1
=856  41$3Full text - HathiTrust Digital Library$uhttps://hdl.handle.net/2027/uiuo.ark:/13960/t05x8j282

