=LDR  00771cam a22002531  4500
=001  1758213
=005  20071128225404.0
=008  900530s1880\\\\sz\\\\\\\\\\\\\\\\\\ger\u
=003  UIUdb
=035  \\$a(OCoLC)ocm77177578
=035  \\$9AOB-4169
=035  \\$9UC 12067839
=035  \\$auil00001720
=040  \\$dUtOrBLW
=245  00$aBasler fastnacht-chronik 1880.
=260  \\$aBasel,$c1880.
=300  \\$a32 p. ;$ccm.
=650  \0$aGerman poetry$vCollections.
=911  \\$1m$2AOB-4169$3UC 12067839$44/20/2004 16:05:26$a830.81 B291
=913  \\$132466
=910  \\$aMARS
=955  \\$bark:/13960/t4qk3k02d$qbaslerfastnachtc00unse
=852  8\$beresour-nc$hOnline Resource$t1
=856  41$3Full text - HathiTrust Digital Library$uhttps://hdl.handle.net/2027/uiuo.ark:/13960/t4qk3k02d

