=LDR  00918cam a2200289Ka 4500
=001  3031918
=005  20030801213116.0
=008  900530s1909\\\\gw\\\\\\\\\\\\000\0\ger\d
=003  UIUdb
=035  \\$a(OCoLC)ocm32108864
=040  \\$aLWU$cLWU$dUIU
=035  \\$9ATP-6627
=035  \\$9UC 03090919
=049  \\$aUIUU
=100  1\$aZingel, J.
=245  10$aBeiträge zur Agrargeschichte des Westerwaldes /$cvorgelegt von J. Zingel.
=260  \\$aTübingen :$bF. Fues,$c1909.
=300  \\$a70 p. ;$c22 cm.
=500  \\$aCover title.
=502  \\$aThesis (doctoral)--Universität Tübingen, 1909.
=504  \\$aIncludes bibliographical references.
=910  \\$arcp3596
=994  \\$a02$bUIU
=910  \\$aMARS
=955  \\$bark:/13960/t1tf6158s$qbeitragezuragrar00zing
=852  8\$beresour-nc$hOnline Resource$t1
=856  41$3Full text - HathiTrust Digital Library$uhttps://hdl.handle.net/2027/uiuo.ark:/13960/t1tf6158s

