=LDR  00909cam a22002771  4500
=001  3029145
=005  20071205225817.0
=008  900530s1878\\\\gw\\\\\\\\\\\\\\\\\\ger\u
=003  UIUdb
=035  \\$a(OCoLC)ocm77332312
=035  \\$9ATP-3849
=035  \\$9UC 01083528
=035  \\$ashi00008706
=040  \\$dUtOrBLW
=100  1\$aFrey, Joseph.
=245  10$aBeiträge zur geschichte des deutschen schulwesens im mittelalter.
=260  \\$aKönigsberg in Pr.,$c1878.
=300  \\$a23 p. ;$ccm.
=500  \\$aProgramm--Gymnasium zu Rösel.
=650  \0$aEducation$zGermany.
=650  \0$aEducation, Medieval.
=911  \\$a370.9401 F89B$1m$2ATP-3849$3UC 01083528$43/29/2004 13:54:58
=910  \\$aMARS
=955  \\$bark:/13960/t6354vv9h$qbeitragezurgesch00frey
=852  8\$beresour-nc$hOnline Resource$t1
=856  41$3Full text - HathiTrust Digital Library$uhttps://hdl.handle.net/2027/uiuo.ark:/13960/t6354vv9h

