=LDR  00997cam a22002771  4500
=001  1744913
=005  20071128224905.0
=008  900530s1895\\\\gw\\\\\\\\\\\\\\\\\\ger\u
=003  UIUdb
=035  \\$a(OCoLC)ocm77176593
=035  \\$9AOA-0510
=035  \\$9UC 03002934
=035  \\$auil00001803
=040  \\$dUtOrBLW
=245  00$aBekanntmachung :$bbetr. ausnahmen von dem verbote der sonntagsarbeit im gewerbebetriebe : Vom 5. februar 1895.
=260  \\$aGelsenkirchen :$bBertenburgs formular-magazin,$c1895.
=300  \\$a1 broadside ;$c58 x 48 cm. folded to 23 x 15 cm.
=500  \\$a"Formular nr. 5235."
=650  \0$aHours of labor.
=650  \0$aSunday legislation$zGermany.
=911  \\$1m$2AOA-0510$3UC 03002934$44/21/2004 11:18:01$a331.81 B398
=913  \\$121229
=910  \\$aMARS
=955  \\$bark:/13960/t6wx3m29n$qbekanntmachungbe00unse
=852  8\$beresour-nc$hOnline Resource$t1
=856  41$3Full text - HathiTrust Digital Library$uhttps://hdl.handle.net/2027/uiuo.ark:/13960/t6wx3m29n

