=LDR  01375cam a2200313I  4500
=001  3053777
=005  20030809052927.0
=008  900530s1905\\\\gw\\\\\\\\\\\\100\0\ger\d
=003  UIUdb
=035  \\$a(OCoLC)ocm01453917
=040  \\$aGUA$cGUA$dOCL$dUIU
=035  \\$9ATR-9646
=035  \\$9UC 04073185
=090  \\$aPF3069$b.D4
=049  \\$aUIUU
=111  2\$aDeutscher Volkshochschultag$n(1st :$d1904 :$cVienna)
=245  10$aBericht über die Verhandlungen der Tagung für Volkstümliche Hochschulvorträge im deutschen Sprachgebiete;$cam 19., 20., 21. März 1904 in Wien im kleinen Festsaale der K. K. Universität.
=260  \\$aLeipzig :$bB.G. Teubner,$c1905.
=300  \\$a98 p.$c22 cm.
=500  \\$a"Veranstaltet vom Ausschusse für Volkstümliche Universitätsvorträge an der Wiener Universität und vom Verbande für Volkstümliche Kurse von Hochschullehrern des Deutschen Reichs."
=650  \0$aGerman language$xStudy and teaching$vCongresses.
=650  \0$aGerman language$xDiction.
=740  0\$aTagung für Volkstümliche Hochschulvorträge im Deutschen Sprachgebiete.
=910  \\$arcp0400
=994  \\$a02$bUIU
=910  \\$aMARS
=955  \\$bark:/13960/t03z4gb3m$qberichtuberdieve00deut
=852  8\$beresour-nc$hOnline Resource$t1
=856  41$3Full text - HathiTrust Digital Library$uhttps://hdl.handle.net/2027/uiuo.ark:/13960/t03z4gb3m

