=LDR  00969cam a2200277K  4500
=001  3087309
=005  20030731220622.0
=008  900530s1912\\\\pau\\\\\\b\\\\000\0\eng\d
=003  UIUdb
=035  \\$a(OCoLC)ocm42250095
=040  \\$aNYP$cNYP$dOCLCQ$dUIU
=035  \\$9ATV-6480
=035  \\$9UC 00070743
=049  \\$aUIUU
=110  2\$aNational Reform Association (United States)
=245  10$aBibliography prepared by a committee of the National Reform Association.$bA list of works treating of the origin, nature, sphere and end of civil government.
=260  \\$a[Pittsburgh, Pa. :$bThe Association,$c1912?]
=300  \\$a36 p.$c8vo.
=500  \\$aN. t.-p.
=650  \4$aGovernment$vBibliography.
=910  \\$arcp3170
=994  \\$a02$bUIU
=910  \\$aMARS
=955  \\$bark:/13960/t43r72z7t$qbibliographyprep00nati
=852  8\$beresour-nc$hOnline Resource$t1
=856  41$3Full text - HathiTrust Digital Library$uhttps://hdl.handle.net/2027/uiuo.ark:/13960/t43r72z7t

