=LDR  00795cam a22002411  4500
=001  3031332
=005  20130531174555.0
=008  900530s1867\\\\fr\\\\\\\\\\\\00|\|\fre\u
=003  UIUdb
=035  \\$a(OCoLC)ocm77332488
=035  \\$9ATP-6041
=035  \\$9UC 03054459
=035  \\$aurb00064838
=040  \\$dUtOrBLW
=100  1\$aDuflot de Mofras, Eugène,$d1810-1884.
=245  10$aBibliothèques.
=260  \\$aParis,$c1867.
=300  \\$a13 p. ;$ccm.
=500  \\$aAt head of title: Exposition universelle de 1867 à Paris. Rapports du jury international ...
=650  \0$aLibraries$zFrance.
=955  \\$bark:/13960/t0rr82941$qbibliotheques00dufl
=852  8\$beresour-nc$hOnline Resource$t1
=856  41$3Full text - HathiTrust Digital Library$uhttps://hdl.handle.net/2027/uiuo.ark:/13960/t0rr82941

