=LDR  01069cam a22003131i 4500
=001  3035444
=005  20071206232447.0
=008  900530s1922\\\\ne\\\\\\\\\\\\\00\0\dut\u
=003  UIUdb
=010  \\$aagr23000791 
=035  \\$a(OCoLC)ocm66230567
=035  \\$9ATQ-0165
=035  \\$9UC 06098104
=035  \\$a(UPRA)arg00515078
=040  \\$cUPRA$dUtOrBLW
=100  1\$aStapensea, Jan.
=245  10$aBijdrage tot de kennis der nieuwvormingen in de bijnierbast van het paard ...
=260  \\$aUtrecht :$bP. den Boer,$c1922.
=300  \\$a94 p., plates ;$c24 cm.
=502  \\$aProefschrift--Veeartsenijkundige hoogeschool, Utrecht.
=504  \\$a"Geraadpleegde literatuur": p. [88]-90.
=650  \0$aSuprarenal bodies.
=650  \0$a[Adrenal glands]
=911  \\$1m$2ATQ-0165$3UC 06098104$47/14/2004 16:10:47$a619.1 ST2B
=913  \\$122567
=910  \\$aMARS
=955  \\$bark:/13960/t0ht8tz83$qbijdragetotdeken00stap
=852  8\$beresour-nc$hOnline Resource$t1
=856  41$3Full text - HathiTrust Digital Library$uhttps://hdl.handle.net/2027/uiuo.ark:/13960/t0ht8tz83

