=LDR  01236nam a2200301Ia 4500
=001  6919507
=005  20120627125053.0
=008  120627s1868\\\\mau\\\\\\\\\\\000\0\eng\d
=003  UIUdb
=035  \\$a(OCoLC)ocn796937463
=040  \\$aUIU$cUIU
=049  \\$aUIUU
=110  2\$aSons of Temperance of North America.
=245  10$aBlue book for the use of subordinate divisions,$bof the order of the Sons of Temperance.
=250  \\$aRev. ed. of the ritual.
=260  \\$a[Boston] :$bNational Division of North America,$c1868.
=300  \\$a76 p. ;$c20 cm.
=500  \\$aRevised by Samuel W. Hodges.
=500  \\$aPref. has printed signature: Samuel W. Hodges, M.W. Scribe.
=610  20$aSons of Temperance of North America$vHandbooks, manuals, etc.
=610  20$aSons of Temperance of North America$xRites and ceremonies.
=610  20$aSons of Temperance of North America$vRules and practice.
=700  1\$aHodges, Samuel W.$q(Samuel Wales),$d1824-1889.
=710  2\$aSons of Temperance of North America.
=994  \\$aC0$bUIU
=955  \\$bark:/13960/t1tf61091$qbluebookforuseof00sons_0
=852  8\$beresour-nc$hOnline Resource$t1
=856  41$3Full text - HathiTrust Digital Library$uhttps://hdl.handle.net/2027/uiuo.ark:/13960/t1tf61091

