=LDR  00787cam a2200265K  4500
=001  1758473
=005  20030801063432.0
=008  900530s1845\\\\enk\\\\\\\\\\\000\0\eng\d
=003  UIUdb
=035  \\$a(OCoLC)ocm21387592
=040  \\$aSTF$cSTF$dUIU
=035  \\$9AOB-4435
=035  \\$9UC 12098768
=092  \\$a385.04$b.R155 v.1
=049  \\$aUIUU
=245  04$aThe Board of Trade and the Kentish railway schemes.
=260  \\$aLondon :$bT. Varty,$c1845.
=300  \\$a41 p.
=710  1\$aGreat Britain.$bBoard of Trade.
=910  \\$arcp3902
=994  \\$a02$bUIU
=910  \\$aMARS
=955  \\$bark:/13960/t0cw0qd07$qboardoftradekent00grea
=852  8\$beresour-nc$hOnline Resource$t1
=856  41$3Full text - HathiTrust Digital Library$uhttps://hdl.handle.net/2027/uiuo.ark:/13960/t0cw0qd07

