=LDR  00834cam a22002531  4500
=001  2523211
=005  20080122234413.0
=008  900530s1911\\\\enk\\\\\\\\\\\\\\\\\eng\u
=003  UIUdb
=035  \\$a(OCoLC)ocm77303969
=035  \\$9ARO-0429
=035  \\$9UC 11040953
=035  \\$aurb00098582
=040  \\$dUtOrBLW
=110  2\$aInvestment Registry (London).$bBond and Debenture Dealing Dept.
=245  10$aBonds and debentures of exceptional security.
=260  \\$aLondon,$c[1911]
=300  \\$a65 p. ;$ccm.
=650  \0$aBonds.
=650  \0$aInvestments.
=911  \\$1m$2ARO-0429$3UC 11040953$411/11/2004 14:33:41$a332.6 IN81B
=955  \\$bark:/13960/t0jt5w43x$qbondsdebentureso00inve
=852  8\$beresour-nc$hOnline Resource$t1
=856  41$3Full text - HathiTrust Digital Library$uhttps://hdl.handle.net/2027/uiuo.ark:/13960/t0jt5w43x

