=LDR  00962cam a2200289K  4500
=001  2203245
=005  20030806164546.0
=008  900530s1920\\\\nyua\\\\\\\\\\000\0\eng\d
=003  UIUdb
=035  \\$a(OCoLC)ocm12964442
=040  \\$aGZD$cGZD$dUIU
=035  \\$9AQH-5149
=035  \\$9UC 11093150
=049  \\$aUIUU
=110  2\$aCamp Fire Girls.
=245  14$aThe book of the Camp Fire girls;$bmanual of activities for the girls of America.
=250  \\$a8th rev. ed.
=260  \\$aNew York :$bCamp Fire Girls,$c1920.
=300  \\$a165 p.,$bill.
=500  \\$aAt head of title page: Manual of activities for the girls of America.
=740  0\$aManual of activies for the girls of America.
=910  \\$arcp2430
=994  \\$a02$bUIU
=910  \\$aMARS
=955  \\$bark:/13960/t4bp6935n$qbookofcampfiregi00camp_1
=852  8\$beresour-nc$hOnline Resource$t1
=856  41$3Full text - HathiTrust Digital Library$uhttps://hdl.handle.net/2027/uiuo.ark:/13960/t4bp6935n

