=LDR  00833cam a2200253K  4500
=001  3100540
=005  20030802200459.0
=008  900530s1910\\\\au\\\\\\\\\\\\000\0\ger\d
=003  UIUdb
=035  \\$a(OCoLC)ocm35680947
=040  \\$aNYP$cNYP$dUIU
=035  \\$9ATX-0787
=035  \\$9UC 01072235
=049  \\$aUIUU
=100  1\$aGeller, Leo,$d1844-1925.
=245  10$aBosnisch-hercegovinische Verfassungs-und politische Grundgesetze.$cMit einer staatsrechtlichen Einleitung von L. Geller.
=260  \\$aWien :$bM. Perles,$c1910.
=300  \\$a2 p. ℓ., 136 p.$c12mo.
=910  \\$arcp0792
=994  \\$a02$bUIU
=910  \\$aMARS
=955  \\$bark:/13960/t85j3r225$qbosnischhercegov00gell
=852  8\$beresour-nc$hOnline Resource$t1
=856  41$3Full text - HathiTrust Digital Library$uhttps://hdl.handle.net/2027/uiuo.ark:/13960/t85j3r225

