=LDR  01068cam a2200289L  4500
=001  3103243
=005  20030722072833.0
=008  900530s1870\\\\mau\\\\\\\\\\\000\0\eng\c
=003  UIUdb
=010  \\$aa  13002556 
=035  \\$a(OCoLC)ocm13629271
=040  \\$aDRB$cDRB$dOCLCQ$dUIU
=035  \\$9ATX-3503
=035  \\$9UC 12059531
=049  \\$aUIUU
=100  1\$aBrooks, J. W.$q(John W.)
=245  10$aBoston, Hartford and Erie Railroad. Testimony of J.W. Brooks before the committees on railroads,$bof the legislature of Massachusetts, March 29th, 1870. With an appendix.
=260  \\$aBoston [Mass.] :$bRockwell & Churchill, printers,$c1870.
=300  \\$a46, [2] p. ;$c23 cm.
=610  20$aBoston, Hartford, and Erie Railroad Company.
=710  2\$aBoston, Hartford, and Erie Railroad Company.
=910  \\$arcp7243
=994  \\$a02$bUIU
=910  \\$aMARS
=955  \\$bark:/13960/t31323544$qbostonhartforder00broo
=852  8\$beresour-nc$hOnline Resource$t1
=856  41$3Full text - HathiTrust Digital Library$uhttps://hdl.handle.net/2027/uiuo.ark:/13960/t31323544

