=LDR  00797cam a22002531  4500
=001  2518307
=005  20130531170612.0
=008  900530s1916\\\\wau\\\\\\\\\\\00|\|\eng\u
=003  UIUdb
=035  \\$a(OCoLC)ocm77303506
=035  \\$9ARN-5510
=035  \\$9UC 07021831
=035  \\$ashi00014151
=040  \\$dUtOrBLW
=110  2\$aTacoma Public Library.
=245  10$aBranch libraries to be closed Jan. 1, 1917.
=260  \\$aTacoma,$c1916.
=300  \\$a6 leaves ;$ccm.
=500  \\$aNewspaper clippings.
=911  \\$a027.22 T119B$1m$2ARN-5510$3UC 07021831$44/8/2004 9:44:27
=910  \\$aMARS
=955  \\$bark:/13960/t8hf4279z$qbranchlibrariest00taco
=852  8\$beresour-nc$hOnline Resource$t1
=856  41$3Full text - HathiTrust Digital Library$uhttps://hdl.handle.net/2027/uiuo.ark:/13960/t8hf4279z

