=LDR  01238cam a22003011  4500
=001  2524780
=005  20080123225433.0
=008  900530s1921\\\\nyu\\\\\\\\\\\\\\\\\eng\u
=003  UIUdb
=035  \\$a(OCoLC)ocm77304101
=035  \\$9ARO-2003
=035  \\$9UC 12096041
=035  \\$aurb00140267
=040  \\$dUtOrBLW
=110  2\$aNew York (State),$eplaintiff.
=245  10$aBrief of Attorney-General of New York, Charles D. Newton /$c[Edward G. Griffin and George L. Meade, Deputies Attorney-General, of counsel].
=260  \\$a[Albany?,$c1921]
=300  \\$a139 p. ;$ccm.
=500  \\$aAt head of title: United States District Court--Northern District of New York.
=650  \0$aGovernment control.
=650  \0$aRailroads and state.
=700  1\$aNewton, C. D.,$eplaintiff.
=710  2\$aUnited States and E. E. Clark, and others constituting the Interstate Commerce Commission,$edefendants.
=710  1\$aUnited States.$bInterstate Commerce Commission.
=710  1\$aUnited States.$bDistrict Court (N.Y. : Northern District)
=955  \\$bark:/13960/t2j73nw2b$qbriefofattorneyg00newy
=852  8\$beresour-nc$hOnline Resource$t1
=856  41$3Full text - HathiTrust Digital Library$uhttps://hdl.handle.net/2027/uiuo.ark:/13960/t2j73nw2b

