=LDR  00769cam a2200241 a 4500
=001  2527836
=005  20080127221942.0
=008  900530s1915\\\\enk\\\\\\\\\\\000\0\eng\d
=003  UIUdb
=035  \\$a(OCoLC)ocm57050817
=035  \\$9ARO-5068
=035  \\$9UC 16059024
=035  \\$a(CStRLIN)UKCG3772583-B
=040  \\$aNLS$cUtOrBLW$dCUD$dOCoLC$dCStRLIN
=100  1\$aLyttelton, Edward,$cHon.
=245  10$aBritain's duty to-day.
=260  \\$aLondon,$c[1915]
=300  \\$ap. ;$c8vo.
=590  \\$aItem no. 7 in volume 9537.d.386.
=987  \\$amissing$bmatch points
=955  \\$bark:/13960/t73v5sd40$qbritainsdutytoda00lytt_0
=852  8\$beresour-nc$hOnline Resource$t1
=856  41$3Full text - HathiTrust Digital Library$uhttps://hdl.handle.net/2027/uiuo.ark:/13960/t73v5sd40

