=LDR  01376cam a2200349 a 4500
=001  1747711
=005  20071128224946.0
=008  900530s1917\\\\ru\\\\\\\\\\\\000\0\rus\d
=003  UIUdb
=035  \\$a(OCoLC)ocm77176733
=035  \\$9AOA-3363
=035  \\$9UC 04058207
=035  \\$a(CStRLIN)UTBGDCA7394-B
=040  \\$aUPB$cUPB$dUtOrBLW
=043  \\$ae-fr---
=245  00$aBurzhuazīi͡a i proletarīat v revoli͡ut͡sīi͡akh 1830 i 1848 gg. vo Frant͡sīi.
=260  \\$aMoskva :$bTip. K.L. Menʹshova,$c1917.
=300  \\$a77 p. ;$c18 cm.
=440  \0$aVoprosy programmy i taktiki sot͡sīal-demokratīi
=500  \\$aBourgeoisie and proletariat in the revolution of 1830 and 1848 in France.
=650  \0$aSocial classes$zFrance$xHistory$y19th century.
=651  \0$aFrance$xHistory$yJuly Revolution, 1830.
=651  \0$aFrance$xHistory$yFebruary Revolution, 1848.
=651  \0$aFrance$xSocial conditions$y19th century.
=610  20$aRossiĭskai͡a sot͡sial-demokraticheskai͡a rabochai͡a partii͡a.
=911  \\$1m$2AOA-3363$3UC 04058207$44/22/2004 14:44:26$a335.5 B959
=913  \\$130568
=987  \\$amissing$bmatch points
=910  \\$aMARS
=955  \\$bark:/13960/t10p78r18$qburzhuaziiaiprol00unse
=852  8\$beresour-nc$hOnline Resource$t1
=856  41$3Full text - HathiTrust Digital Library$uhttps://hdl.handle.net/2027/uiuo.ark:/13960/t10p78r18

