=LDR  00958cam a2200265K  4500
=001  3100487
=005  20030802153533.0
=008  900530s1913\\\\nyu\\\\\\\\\\f000\0\eng\d
=003  UIUdb
=035  \\$a(OCoLC)ocm43939982
=040  \\$aNYP$cNYP$dUIU
=035  \\$9ATX-0731
=035  \\$9UC 01050411
=049  \\$aUIUU
=100  1\$aPatterson, Stuart H.
=245  10$aBusiness side of holding out income tax on coupons.$bRegulations (a copy) issued by U.S. Treasury Department regarding the deduction of the income tax on coupons, etc., at the source.
=260  \\$aNew York :$bGuaranty Trust Company of New York,$c[1913]
=300  \\$a21 p.$c8vo.
=650  \4$aIncome tax, United States, 1913.
=910  \\$arcp3256
=994  \\$a02$bUIU
=910  \\$aMARS
=955  \\$bark:/13960/t4cp3b535$qbusinesssideofho00patt
=852  8\$beresour-nc$hOnline Resource$t1
=856  41$3Full text - HathiTrust Digital Library$uhttps://hdl.handle.net/2027/uiuo.ark:/13960/t4cp3b535

