=LDR  00867cam a22002531  4500
=001  2517182
=005  20071206230951.0
=008  900530s1915\\\\enk\\\\\\\\\\l\\\\\\eng\u
=003  UIUdb
=035  \\$a(OCoLC)ocm77303329
=035  \\$9ARN-4384
=035  \\$9UC 06043157
=035  \\$aurb00112673
=040  \\$dUtOrBLW
=110  1\$aLancashire (England)
=245  10$aBye-laws, regulations, &c., relating to vehicular traffic on highways, the use of bicycles on highways.
=260  \\$aPreston,$c1915.
=300  \\$a43 p. ;$ccm.
=500  \\$aOn cover: Lancashire County Council.
=650  \0$aTraffic regulations.
=610  10$aLancashire (England).$bCounty Council.
=955  \\$bark:/13960/t71w1qk4m$qbyelawsregulatio00lanc
=852  8\$beresour-nc$hOnline Resource$t1
=856  41$3Full text - HathiTrust Digital Library$uhttps://hdl.handle.net/2027/uiuo.ark:/13960/t71w1qk4m

