=LDR  01011cam a2200277Ia 4500
=001  2510259
=005  20030730191134.0
=008  900530s1913\\\\nju\\\\\\\\\\\000\0\eng\d
=003  UIUdb
=035  \\$a(OCoLC)ocm39169534
=040  \\$aUOK$cUOK$dUIU
=035  \\$9ARM-7432
=035  \\$9UC 00016426
=043  \\$an-us---
=092  \\$a178 Z999 v.1
=049  \\$aUIUU
=245  02$aA cabinet of facts and figures :$bdisproving arguments that the loss of license fees will be more than compensated for in the reduction of public expenses chargeable to the so-called liquor traffic.
=260  \\$aNewark, N.J. :$bManufacturers and Merchants Association,$c1913.
=300  \\$a27 p. ;$c24 cm.
=650  \0$aDrunkenness (Criminal law)$zUnited States.
=910  \\$arcp1447
=994  \\$a02$bUIU
=910  \\$aMARS
=955  \\$bark:/13960/t0200ds53$qcabinetoffactsfi00unse
=852  8\$beresour-nc$hOnline Resource$t1
=856  41$3Full text - HathiTrust Digital Library$uhttps://hdl.handle.net/2027/uiuo.ark:/13960/t0200ds53

