=LDR  01041nam a2200265Ii 4500
=001  7285700
=005  20130726152300.0
=008  130726s1911\\\\cou\\\\\\\\\\\000\0\eng\d
=003  UIUdb
=035  \\$a(OCoLC)ocn854433829
=040  \\$aUIU$cUIU
=049  \\$aUIUU
=110  2\$aColorado State Normal School (Greeley).
=245  02$aA call for young men as teachers in the public schools of Colorado.$cby D. D. Hughes.
=264  \1$aGreeley, Colorado :$bTrustees of State Normal School,$c1911.
=300  \\$a32 pages :$billustrations$c20 cm.
=336  \\$atext$2rdacontent
=337  \\$aunmediated$2rdamedia
=338  \\$avolume$2rdacarrier
=500  \\$a"In all publications of this institution is employd the spelling recommended by the Simplified Spelling Board."
=650  \0$aUniversities and colleges$zColorado.
=994  \\$aC0$bUIU
=955  \\$bark:/13960/t5dc47r5c$qcallforyoungmena00colo
=852  8\$beresour-nc$hOnline Resource$t1
=856  41$3Full text - HathiTrust Digital Library$uhttps://hdl.handle.net/2027/uiuo.ark:/13960/t5dc47r5c

