=LDR  00756cam a22002171  4500
=001  3026777
=005  20071205222124.0
=008  900530s1913\\\\xx\\\\\\\\\\\\\\\\\\eng\u
=003  UIUdb
=035  \\$a(OCoLC)ocm77332192
=035  \\$9ATP-1473
=035  \\$9UC 00021107
=035  \\$aurb00126866
=040  \\$dUtOrBLW
=100  1\$aMcDermott, Edward John.
=245  10$aCan past guide future? :$bWashington's birthday address delivered before the Creve Coeur Club, Peoria, Illinois, Feb. 22, 1913.
=260  \\$a[S.l.,$c1913]
=300  \\$a1 v. (unpaged) ;$ccm.
=955  \\$bark:/13960/t7xm4hv9k$qcanpastguidefutu00mcde
=852  8\$beresour-nc$hOnline Resource$t1
=856  41$3Full text - HathiTrust Digital Library$uhttps://hdl.handle.net/2027/uiuo.ark:/13960/t7xm4hv9k

