=LDR  01168cam a2200313Ia 4500
=001  3028056
=005  20030730175251.0
=008  900530s1844\\\\nyu\\\\\\\\\\\000\0\eng\d
=003  UIUdb
=035  \\$a(OCoLC)ocm20351196
=040  \\$aABF$cABF$dUIU
=035  \\$9ATP-2757
=035  \\$9UC 00099319
=090  \\$aBV670$b.W3 1844b
=049  \\$aUIUU
=100  1\$aWainwright, Jonathan Mayhew,$d1792-1854.
=245  10$aCan there be a church without a bishop? :$bcontroversy between Rev. Drs. Wainwright and Potts, ... growing out of the incidental assertion of the former that "there cannot be a church without a bishop," in a series of letters.
=260  \\$aNew York :$bGreeley & McElrath,$c1844.
=300  \\$a45 p. ;$c22 cm.
=500  \\$aCover title.
=500  \\$aOriginally published in the New York Commercial advertiser.
=650  \0$aEpiscopacy.
=700  1\$aPotts, George,$d1802-1864.
=910  \\$arcp1716
=994  \\$a02$bUIU
=910  \\$aMARS
=955  \\$bark:/13960/t20d15g3n$qcantherebechurch00wain
=852  8\$beresour-nc$hOnline Resource$t1
=856  41$3Full text - HathiTrust Digital Library$uhttps://hdl.handle.net/2027/uiuo.ark:/13960/t20d15g3n

