=LDR  00934cam a2200241   4500
=001  993381
=005  20170628215832.0
=008  731212s1918\\\\dcua\\\\\\\\\f00000\engm\
=003  UIUdb
=035  \\$a(OCoLC)ocm00758713
=035  \\$9AED-0659
=035  \\$a(UIUdb)993381
=040  \\$aDLC$cRRR$dOCL$dSER$dUIU
=050  0\$aHJ8117$b.C3
=245  04$aThe Cartoon book;$bdedicated to the success of the third liberty loan$cby American artists.
=260  0\$a[Washington, D.C.,$bBureau of Publicity, War Loan Organization, Treasury Dept.,$c1918]
=300  \\$a[48] p.$billus.$c16 cm.
=500  \\$aText runs parallel with back of cover.
=650  \0$aWorld War, 1914-1918$xHumor.
=650  \0$aWorld war, 1914-1918$xFinance$zUnited States.
=955  \\$bark:/13960/t2p61sg0s$qcartoonbookdedic00unse
=852  8\$beresour-nc$hOnline Resource$t1
=856  41$3Full text - HathiTrust Digital Library$uhttps://hdl.handle.net/2027/uiuo.ark:/13960/t2p61sg0s

