=LDR  00851cam a2200277K  4500
=001  2514867
=005  20030804090408.0
=008  900530r19101910nyu\\\\\\\\\\\000\0\eng\d
=003  UIUdb
=035  \\$a(OCoLC)ocm43935500
=040  \\$aYUS$cYUS$dUIU
=035  \\$9ARN-2061
=035  \\$9UC 04039457
=049  \\$aUIUU
=100  1\$aCattell, James McKeen,$d1860-1944.
=245  14$aThe case of Harvard college ...
=260  \\$a[New York, etc.],$c1910.
=300  \\$ap. [604]-614.$c25 cm.
=500  \\$aCover-title.
=500  \\$aReprinted from the Popular Science Monthly, June, 1910.
=910  \\$arcp3255
=994  \\$a02$bUIU
=910  \\$aMARS
=955  \\$bark:/13960/t8md54p26$qcaseofharvardcol00catt
=852  8\$beresour-nc$hOnline Resource$t1
=856  41$3Full text - HathiTrust Digital Library$uhttps://hdl.handle.net/2027/uiuo.ark:/13960/t8md54p26

