=LDR  00720nam a2200193Ii 4500
=001  6919391
=005  20120627115539.0
=008  120627s1892\\\\fr\\\\\\\\\\\\000\0\fre\d
=003  UIUdb
=035  \\$a(OCoLC)ocn796937202
=040  \\$aUIU$cUIU
=049  \\$aUIUU
=245  00$aCatalogue du Musée et Bibliothèque de Waterloo fondé par feu le Sergent-major Cotton a l'hôtel du musée :$b(Centre du champ de Bataille de Waterloo).
=260  \\$aBraine-L'Alleud :$bAllard,$c1892.
=300  \\$a15 p.
=994  \\$aC0$bUIU
=955  \\$bark:/13960/t4zh2v560$qcataloguedumusee00unse_3
=852  8\$beresour-nc$hOnline Resource$t1
=856  41$3Full text - HathiTrust Digital Library$uhttps://hdl.handle.net/2027/uiuo.ark:/13960/t4zh2v560

