=LDR  01302cam a22003251  4500
=001  2934629
=005  20100215111757.0
=008  900530r19151915pau\\\\\\\\\\\\\\\\\eng\u
=003  UIUdb
=035  \\$a(OCoLC)ocm77327760
=035  \\$9ATD-9169
=035  \\$9UC 04078275
=035  \\$auil00057803
=040  \\$dUtOrBLW
=100  1\$aFarrell, James A.$q(James Augustine),$d1863-1943.
=245  10$aCentral and South American trade as affected by the European War.
=260  \\$a[Philadelphia,$c1915]
=300  \\$a9 p. ;$ccm.
=500  \\$aCover-title.
=500  \\$aReprinted from America's interests as affected by the European War, vol. LX of the Annals of the American Academy of Political and Social Science, Philadelphia July, 1915. Publication no. 901.
=651  \0$aCentral America$xCommerce.
=651  \0$aSouth America$xCommerce.
=650  \0$aWorld War, 1914-1918$xEconomic aspects$zSouth America.
=650  \0$aWorld War, 1914-1918$xEconomic conditions$zCentral America.
=911  \\$1m$2ATD-9169$3UC 04078275$47/7/2004 9:52:21$a382 F247C
=913  \\$112919
=910  \\$aMARS
=955  \\$bark:/13960/t5cc76v6m$qcentralsouthamer00farr_0
=852  8\$beresour-nc$hOnline Resource$t1
=856  41$3Full text - HathiTrust Digital Library$uhttps://hdl.handle.net/2027/uiuo.ark:/13960/t5cc76v6m

