=LDR  00841cam a22002771  4500
=001  3042648
=005  20080123223902.0
=008  900530s1903\\\\mau\\\\\\\\\\\\\\\\\eng\u
=003  UIUdb
=035  \\$a(OCoLC)ocm77333721
=035  \\$9ATQ-7388
=035  \\$9UC 12058738
=035  \\$auil00067811
=040  \\$dUtOrBLW
=100  1\$aRich, Edgar J.
=245  10$aCertain problems relating to railroad rates.
=260  \\$a[Boston,$c1903?]
=300  \\$a28 p. ;$ccm.
=500  \\$aCaption title.
=650  \0$aRailroads$xRates.
=911  \\$1m$2ATQ-7388$3UC 12058738$47/14/2004 8:52:15$a385.2312 R371C
=913  \\$18551
=910  \\$aMARS
=955  \\$bark:/13960/t19m0jq9f$qcertainproblemsr00rich
=852  8\$beresour-nc$hOnline Resource$t1
=856  41$3Full text - HathiTrust Digital Library$uhttps://hdl.handle.net/2027/uiuo.ark:/13960/t19m0jq9f

