=LDR  01159cam a2200349I  4500
=001  7226087
=005  20130509084139.0
=008  790919s1911\\\\nyu\\\\\\\\\\s000\0\eng\\
=003  UIUdb
=010  \\$a   44044085 
=035  \\$a(OCoLC)ocm05389836
=040  \\$aDLC$cCLE$dOCL$dOCLCQ
=029  1\$aAU@$b000028303996
=029  1\$aGEBAY$b9164544
=043  \\$an-us-ny
=050  \\$aHF5630$b.N4
=092  \\$a657.0051$bN489c
=049  \\$aUIUU
=110  2\$aUniversity of the State of New York.
=245  10$aCertified public accountant syllabus.
=260  \\$aAlbany,$bUniversity of the State of New York,$c1911.
=300  \\$a[3]-14 p.$c23 cm.
=490  1\$aIts Bulletin$vno. 487
=500  \\$aCover title.
=500  \\$aAt head of title: Education dept.
=650  \0$aAccountants$zNew York (State)
=650  \0$aAccounting$vOutlines, syllabi, etc.
=830  \0$aBulletin (University of the State of New York) ;$vno. 487.
=994  \\$aC0$bUIU
=955  \\$bark:/13960/t2g79kz03$qcertifiedpublica00univ
=852  8\$beresour-nc$hOnline Resource$t1
=856  41$3Full text - HathiTrust Digital Library$uhttps://hdl.handle.net/2027/uiuo.ark:/13960/t2g79kz03

