=LDR  00783cam a22002291  4500
=001  3041888
=005  20130402165829.0
=008  900530s1867\\\\sp\\\\\\\\\\\\\00\m\spa\u
=003  UIUdb
=035  \\$a(OCoLC)ocm70730295
=035  \\$9ATQ-6627
=035  \\$9UC 11082231
=035  \\$aurb00091754
=040  \\$dUtOrBLW
=100  1\$aHorta, Jaime.
=245  10$aCervantes cautivo :$bdrama en verso, en tres actos y un epílogo.
=260  \\$aBarcelona :$bImpr. de la viuda é hijos de Gaspar,$c1867.
=300  \\$a119 p. ;$c22 cm.
=650  \0$aCervantes in fiction, drama, poetry, etc.
=955  \\$bark:/13960/t7np88m8s$qcervantescautivo00hort
=852  8\$beresour-nc$hOnline Resource$t1
=856  41$3Full text - HathiTrust Digital Library$uhttps://hdl.handle.net/2027/uiuo.ark:/13960/t7np88m8s

