=LDR  00808cam a22002651  4500
=001  2943188
=005  20080122234340.0
=008  900530s1862\\\\gw\\\\\\\\\\\\\\\\\\eng\u
=003  UIUdb
=035  \\$a(OCoLC)ocm77328606
=035  \\$9ATE-7749
=035  \\$9UC 11040164
=035  \\$auil00060823
=040  \\$dUtOrBLW
=110  2\$aIndependent Mutual Fire Insurance Company.
=245  10$aCharter and by-laws.
=260  \\$aFrankford,$c1862.
=300  \\$a16 p. ;$ccm.
=650  \0$aInsurance, Fire.
=911  \\$1m$2ATE-7749$3UC 11040164$47/8/2004 11:56:34$a368.1 IN2C
=913  \\$136842
=910  \\$aMARS
=955  \\$bark:/13960/t1rg1z49t$qcharterbylaws00inde
=852  8\$beresour-nc$hOnline Resource$t1
=856  41$3Full text - HathiTrust Digital Library$uhttps://hdl.handle.net/2027/uiuo.ark:/13960/t1rg1z49t

