=LDR  01015cam a22003131  4500
=001  3043036
=005  20080123225509.0
=008  900530s1897\\\\nyu\\\\\\\\\\\\\\\\\eng\u
=003  UIUdb
=035  \\$a(OCoLC)ocm77333829
=035  \\$9ATQ-7776
=035  \\$9UC 12096878
=035  \\$auil00062796
=040  \\$dUtOrBLW
=100  1\$aLatcha, J. A.
=245  10$aCheap transportation in the United States.
=260  \\$a[New York,$c1897]
=300  \\$ap. [592]-608 ;$ccm.
=490  1\$aThe North American review ;$vv. 164, no. 5
=500  \\$aDetached copy.
=650  \0$aRailroads$zUnited States.
=651  \0$aUnited States$xTransportation.
=830  10$aNorth American review ;$vv. 164, no. 5.
=911  \\$1m$2ATQ-7776$3UC 12096878$47/12/2004 16:06:44$a385.23 L342C
=913  \\$18676
=910  \\$aMARS
=955  \\$bark:/13960/t1zd44k4m$qcheaptransportat00latc
=852  8\$beresour-nc$hOnline Resource$t1
=856  41$3Full text - HathiTrust Digital Library$uhttps://hdl.handle.net/2027/uiuo.ark:/13960/t1zd44k4m

