=LDR  00785cam a22002651  4500
=001  3028539
=005  20071205224607.0
=008  900530s1917\\\\ru\\\\\\\\\\\\\\\\\\rus\u
=003  UIUdb
=035  \\$a(OCoLC)ocm77332270
=035  \\$9ATP-3241
=035  \\$9UC 01033395
=035  \\$ashi00013554
=040  \\$dUtOrBLW
=100  1\$aSigov, I. S.
=245  10$aChto takoe svoboda?.
=260  \\$aPetrograd,$c1917.
=300  \\$a15 p. ;$ccm.
=500  \\$aWhat is freedom?
=650  \0$aLiberty.
=911  \\$a323.44 SI2C$1m$2ATP-3241$3UC 01033395$44/7/2004 12:08:39
=910  \\$aMARS
=955  \\$bark:/13960/t7qp2bq0f$qchtotakoesvoboda00sigo
=852  8\$beresour-nc$hOnline Resource$t1
=856  41$3Full text - HathiTrust Digital Library$uhttps://hdl.handle.net/2027/uiuo.ark:/13960/t7qp2bq0f

