=LDR  00843cam a2200253K  4500
=001  3136341
=005  20030808070559.0
=008  900530s1886\\\\ie\\\\\\\\\\\\000\0\eng\d
=003  UIUdb
=035  \\$a(OCoLC)ocm27191559
=040  \\$aBUQ$cBUQ$dUIU
=035  \\$9AUB-8078
=035  \\$9UC 04012870
=049  \\$aUIUU
=110  2\$aChurch of Ireland.$bGeneral Synod.
=245  14$aThe Church of Ireland and the present crisis:$breport of the special meeting of the General Synod, holden at Dublin, March 23, 1886.
=260  \\$aDublin :$bHodges, Figgis,$c1886.
=300  \\$a62 p.
=910  \\$arcp2312
=994  \\$a02$bUIU
=910  \\$aMARS
=955  \\$bark:/13960/t2t49ww00$qchurchofirelandp00chur
=852  8\$beresour-nc$hOnline Resource$t1
=856  41$3Full text - HathiTrust Digital Library$uhttps://hdl.handle.net/2027/uiuo.ark:/13960/t2t49ww00

