=LDR  00891nam a2200253Ii 4500
=001  4607189
=005  20030712171407.0
=008  981020s1856\\\\gw\\\\\\\\\\\\000\0\ger\d
=003  UIUdb
=035  \\$a(OCoLC)ocm40136638
=040  \\$aNDD$cNDD$dUIU
=049  \\$aUIUU$mno
=245  00$aCigaren und Tabak,$bWien und Weiber, wie sie sind / von einem moderner Epikuräer ; nach dem Englischen. --
=260  \\$aStuttgart :$bT. Scheible's Buchhandlung,$c1856.
=300  \\$a144 p. ;$c14 cm. --
=440  \0$aCuriosa et Jocosa, antiquaria ac nova,$v3
=650  \0$aTobacco.
=650  \0$aWine$xPhysiological effect.
=650  \0$aWoman.
=700  0\$aModerner Epikuräer.
=994  \\$a02$bUIU
=955  \\$bark:/13960/t8dg2z86c$qcigarenundtabakw00mode
=852  8\$beresour-nc$hOnline Resource$t1
=856  41$3Full text - HathiTrust Digital Library$uhttps://hdl.handle.net/2027/uiuo.ark:/13960/t8dg2z86c

