=LDR  01126cam a2200361Ia 4500
=001  2933017
=005  20030801150848.0
=008  900530s1912\\\\nyu\\\\\\\\\\\001\0\eng\d
=003  UIUdb
=035  \\$a(OCoLC)ocm48022826
=040  \\$aNYG$cNYG$dUIU
=035  \\$9ATD-7552
=035  \\$9UC 03037590
=043  \\$an-us-ny
=092  \\$a352.0747$bY59
=049  \\$aUIUU
=110  1\$aYonkers (N.Y.)
=240  10$aOrdinances
=245  10$aCode of ordinances :$badopted by the Common Council, December 26, 1911.
=246  1\$iAt head of title:$aCity of Yonkers
=260  \\$a[Yonkers? :$bs.n.,$c1912?]
=300  \\$ax, 284, vi p. ;$c23 cm.
=500  \\$aIncludes index.
=500  \\$aCover title.
=650  \0$aOrdinances, Municipal$zNew York (State)$zYonkers.
=710  1\$aYonkers (N.Y.).$bCommon Council.
=710  1\$aYonkers (N.Y.).$tLaws, etc.
=910  \\$arcp1326
=994  \\$a02$bUIU
=910  \\$aMARS
=955  \\$bark:/13960/t6451wq0z$qcodeofordinances00yonk
=852  8\$beresour-nc$hOnline Resource$t1
=856  41$3Full text - HathiTrust Digital Library$uhttps://hdl.handle.net/2027/uiuo.ark:/13960/t6451wq0z

