=LDR  00970cam a2200289Ii 4500
=001  3036251
=005  20030730174102.0
=008  900530s1906\\\\nyua\\\\\\\\\\000\0\eng\d
=003  UIUdb
=035  \\$a(OCoLC)ocm06691470
=040  \\$aSMI$cSMI$dUIU
=035  \\$9ATQ-0972
=035  \\$9UC 07054557
=090  \\$aTA492.T8$bS85
=049  \\$aUIUU
=100  1\$aStewart, Reid T.
=245  10$aCollapsing pressures of lap-welded steel tubes /$cby Reid T. Stewart.
=260  \\$aNew York :$bAmerican Society of Mechanical Engineers,$c1906.
=300  \\$a95, [16] p. :$bill., diagrs., graphs ;$c23 cm.
=500  \\$a"A paper read at the Chattanooga Meeting, May, 1906."
=650  \0$aTubes, Steel$xWelding.
=910  \\$arcp3531
=994  \\$a02$bUIU
=910  \\$aMARS
=955  \\$bark:/13960/t6c313z40$qcollapsingpressu00stew
=852  8\$beresour-nc$hOnline Resource$t1
=856  41$3Full text - HathiTrust Digital Library$uhttps://hdl.handle.net/2027/uiuo.ark:/13960/t6c313z40

