=LDR  00807cam a2200289M  4500
=001  3029280
=005  20030730161105.0
=008  900530s1910\\\\mau\\\\\\\\\\\000\0\eng\d
=003  UIUdb
=010  \\$zca 13000873 
=035  \\$a(OCoLC)ocm29089939
=040  \\$aMNU$cMNU$dUIU
=035  \\$9ATP-3984
=035  \\$9UC 01091055
=050  0\$aLB2344$b.C5
=049  \\$aUIUU
=100  1\$aClark, Thomas Arkle,$d1862-1932.
=245  10$aCollege discipline
=260  \\$a[Boston,$c1910]
=300  \\$ap. 557-561.$c23 cm.
=650  \0$aStudents.
=910  \\$arcp2082
=994  \\$a02$bUIU
=910  \\$aMARS
=955  \\$bark:/13960/t0ht8v783$qcollegedisciplin00clar
=852  8\$beresour-nc$hOnline Resource$t1
=856  41$3Full text - HathiTrust Digital Library$uhttps://hdl.handle.net/2027/uiuo.ark:/13960/t0ht8v783

