=LDR  01067cam a2200301Ii 4500
=001  3031160
=005  20030731062432.0
=008  900530s1915\\\\inu\\\\\\\\\\\000\0\eng\d
=003  UIUdb
=035  \\$a(OCoLC)ocm06285156
=040  \\$aICW$cICW$dOCL$dUIU
=035  \\$9ATP-5869
=035  \\$9UC 03048625
=092  \\$a378.7728$bR448c
=049  \\$aUIUU
=100  1\$aRigdon, Jonathan,$d1858-1933.
=245  10$aCollege ideals /$cby Jonathan Rigdon.
=260  \\$aWinona Lake, Ind. :$bIndiana Pub. Co.,$c1915.
=300  \\$avi, 58 p. :$bfront. (port.) ;$c18 cm.
=500  \\$a"The contents of this little book were prepared for an address delivered at Winona Lake on College Day, July 16, 1914."--cf. Foreword.
=650  \0$aUniversities and colleges.
=710  2\$aWinona College (Winona Lake, Ind.)
=910  \\$arcp2110
=994  \\$a02$bUIU
=910  \\$aMARS
=955  \\$bark:/13960/t82k2nc3g$qcollegeideals00rigd
=852  8\$beresour-nc$hOnline Resource$t1
=856  41$3Full text - HathiTrust Digital Library$uhttps://hdl.handle.net/2027/uiuo.ark:/13960/t82k2nc3g

