=LDR  00816cam a22002411  4500
=001  2940579
=005  20080122224536.0
=008  900530s1917\\\\mau\\\\\\\\\\\\\\\\\eng\u
=003  UIUdb
=035  \\$a(OCoLC)ocm77328392
=035  \\$9ATE-5130
=035  \\$9UC 09036489
=035  \\$aurb00086530
=040  \\$dUtOrBLW
=100  1\$aHarling, W. Franke$q(William Franke),$d1887-1958.
=245  10$aComing thro' the rye :$bpart song for mixed voices.
=260  \\$aBoston :$bThe Boston Music co.,$cc1917.
=300  \\$a7 p. ;$ccm.
=440  \0$aSeries for mixed voices / Boston Music co. ;$vno. 1325
=650  \0$aSongs.
=955  \\$bark:/13960/t48q2774b$qcomingthroryepar00harl
=852  8\$beresour-nc$hOnline Resource$t1
=856  41$3Full text - HathiTrust Digital Library$uhttps://hdl.handle.net/2027/uiuo.ark:/13960/t48q2774b

