=LDR  01122cam a2200277I  4500
=001  2944619
=005  20030804213004.0
=008  900530s1913\\\\xx\\\\\\\\\\\\000\0\eng\d
=003  UIUdb
=035  \\$a(OCoLC)ocm11264346
=040  \\$aVIC$cVIC$dUIU
=035  \\$9ATE-9183
=035  \\$9UC 12058734
=090  \\$aHE1017$b.U5 no.3
=049  \\$aUIUU
=245  00$a"Commerce Commission's patriotic duty",$ban editorial from the Philadelphia public ledger, May 4, 1913; with correspondence with the editors; also an article by Daniel Willard ... in the Philadelphia public ledger of May 18, on the occasion for the application by the eastern railroads for a general increase of five percent in freight rates.
=260  \\$a[n. p.,$c1913?]
=300  \\$a16 p.$c27 cm.
=650  \0$aRailroads$zUnited States$xFinance.
=700  1\$aWillard, Daniel,$d1861-1942.
=910  \\$arcp3902
=994  \\$a02$bUIU
=910  \\$aMARS
=955  \\$bark:/13960/t4pk6m15j$qcommercecommissi00will
=852  8\$beresour-nc$hOnline Resource$t1
=856  41$3Full text - HathiTrust Digital Library$uhttps://hdl.handle.net/2027/uiuo.ark:/13960/t4pk6m15j

