=LDR  01183cam a2200325K  4500
=001  2936423
=005  20030804075341.0
=008  900530r19181918ohuf\\\\\b\\\\000\0\eng\d
=003  UIUdb
=035  \\$a(OCoLC)ocm14163360
=040  \\$aWAU$cWAU$dOCL$dOCLCQ$dUIU
=035  \\$9ATE-0965
=035  \\$9UC 06031909
=049  \\$aUIUU
=100  1\$aNewell, Anna Grace,$d1876-
=245  14$aThe comparative morphology of the genitalia of insects.
=260  \\$a[Columbus, O.,$c1918]
=300  \\$a2 p. L., p. 109-142.$bpl. iv-xvii (on 7 L.)
=502  \\$aThesis (Ph. D.)--University of Illinois 1916.
=500  \\$aBiography.
=500  \\$a"Reprinted from the Annals of the Entomological society of America, vol. XI, no. 2, June, l9l8."
=500  \\$a"Contribution from the Entomological laboratories of the University of Illinois, no. 51."
=504  \\$aBibliography: p. 137-139.
=650  \0$aInsects$xAnatomy.
=910  \\$arcp3604
=994  \\$a02$bUIU
=910  \\$aMARS
=955  \\$bark:/13960/t5w72p687$qcomparativemorph00newe_0
=852  8\$beresour-nc$hOnline Resource$t1
=856  41$3Full text - HathiTrust Digital Library$uhttps://hdl.handle.net/2027/uiuo.ark:/13960/t5w72p687

