=LDR  00810cam a22002531  4500
=001  3215683
=005  20080122223304.0
=008  900530s1907\\\\mau\\\\\\\\\\\\\\\\\eng\u
=003  UIUdb
=035  \\$a(OCoLC)ocm77339040
=035  \\$9AUR-9373
=035  \\$9UC 08081032
=035  \\$ashi00005781
=040  \\$dUtOrBLW
=100  1\$aAbbott, Anstice.
=245  10$aCongregationalists and the Christian conquest of India.
=260  \\$aBoston,$c[1907]
=300  \\$a43 p. :$bports., maps ;$ccm.
=651  \0$aIndia$xMissions.
=911  \\$a266 AB2C$1m$2AUR-9373$3UC 08081032$43/16/2004 9:00:42
=910  \\$aMARS
=955  \\$bark:/13960/t8x98dx9x$qcongregationalis00abbo
=852  8\$beresour-nc$hOnline Resource$t1
=856  41$3Full text - HathiTrust Digital Library$uhttps://hdl.handle.net/2027/uiuo.ark:/13960/t8x98dx9x

