=LDR  01107cam a2200289I  4500
=001  3217898
=005  20030721102540.0
=008  900530r18841884nyu\\\\\\\\\\\000\0\eng\c
=003  UIUdb
=010  \\$aa  13002333 
=035  \\$a(OCoLC)ocm43430422
=040  \\$aBureau of Railway Economics$cYUS$dUIU
=035  \\$9AUS-1596
=035  \\$9UC 12099579
=049  \\$aUIUU
=100  1\$aBlanchard, George R.$q(George Roberts),$d1841-1900.
=245  10$aCongressional legislation as to inter-state railway traffic;$bbeing a review of the bill proposed by Hon. J.H. Reagan by Geo. R. Blanchard. Reprinted from the New York daily tribune of February 23, 1884.
=260  \\$aNew York :$bRussell Brothers, printers,$c1884.
=300  \\$a15 p.$c21 cm.
=650  \0$aRailroads and state$zUnited States.
=650  \0$aRailroads$zUnited States$xRates.
=910  \\$arcp7243
=994  \\$a02$bUIU
=910  \\$aMARS
=955  \\$bark:/13960/t12p1bg9q$qcongressionalleg00blan
=852  8\$beresour-nc$hOnline Resource$t1
=856  41$3Full text - HathiTrust Digital Library$uhttps://hdl.handle.net/2027/uiuo.ark:/13960/t12p1bg9q

