=LDR  01033cam a2200265Ia 4500
=001  3212459
=005  20110920144303.0
=008  900530s1914\\\\ilu\\\\\\\\\\\001\0\eng\d
=003  UIUdb
=035  \\$a(OCoLC)ocm45737747
=040  \\$aULL$cULL$dOCLCQ
=090  \\$aHD6515.T2$bJ82 1914
=049  \\$aUIUU
=110  2\$aTailors Industrial Union.
=245  10$aConstitution of the Tailors Industrial Union (International) adopted by the fifth convention held at Columbus, Ohio, August 12-17, 1889 and approved by general vote of the members, November, 1889.
=246  14$aBook of laws
=260  \\$aBloomington, Ill. :$bTailors Industrial Union,$c1914.
=300  \\$a53 p. ;$c14 cm.
=500  \\$aIncludes index.
=610  20$aTailors Industrial Union$vConstitution.
=650  \0$aTailors$xLabor unions.
=994  \\$aC0$bUIU
=955  \\$bark:/13960/t57d93943$qconstitutionofta1914tail$v1914
=852  8\$beresour-nc$hOnline Resource$t1
=856  41$3Full text - HathiTrust Digital Library$uhttps://hdl.handle.net/2027/uiuo.ark:/13960/t57d93943

