=LDR  01050cam a2200301Ia 4500
=001  3217711
=005  20030804213113.0
=008  900530s1910\\\\ilu\\\\\\\\\\\000\0\eng\d
=003  UIUdb
=035  \\$a(OCoLC)ocm33849528
=040  \\$aMIA$cMIA$dUIU
=035  \\$9AUS-1408
=035  \\$9UC 12058715
=092  \\$a385$bK49c
=049  \\$aUIUU
=100  1\$aKetchum, Elvin S.$q(Elvin Sydney),$db. 1872.
=245  10$aConstruction of classifications and tariffs /$cElvin S. Ketchum.
=260  \\$aChicago :$bLa Salle Extension University,$cc1910.
=300  \\$a63 p. ;$c23 cm.
=500  \\$a"One of a series of technical lectures forming a part of the course in interstate commerce"--Cover.
=650  \0$aRailroads$zUnited States$xRates.
=710  2\$aLa Salle Extension University.
=910  \\$arcp3902
=994  \\$a02$bUIU
=910  \\$aMARS
=955  \\$bark:/13960/t9w158p39$qconstructionofcl00ketc
=852  8\$beresour-nc$hOnline Resource$t1
=856  41$3Full text - HathiTrust Digital Library$uhttps://hdl.handle.net/2027/uiuo.ark:/13960/t9w158p39

