=LDR  00990cam a2200289I  4500
=001  3043031
=005  20030721092853.0
=008  900530s1910\\\\mnu\\\\\\\\\\\000\0\eng\\
=003  UIUdb
=010  \\$a   11013061 
=035  \\$a(OCoLC)ocm03150747
=040  \\$aDLC$cDRB$dOCL$dUIU
=035  \\$9ATQ-7771
=035  \\$9UC 12095933
=050  0\$aHE2757.1910$b.E5
=049  \\$aUIUU
=100  1\$aElliott, Howard,$d1860-1928.
=245  10$aCo-operation between the railway owner, the railway employee and the railway user; address$cby Howard Elliott...at the Montana state fair, Helena, Montana, September 26, 1910.
=260  \\$a[St. Paul, Minn.,$c1910?]
=300  \\$a20 p.$c23 cm.
=650  \0$aRailroads$zUnited States.
=910  \\$arcp6088
=994  \\$a02$bUIU
=910  \\$aMARS
=955  \\$bark:/13960/t7sn6dd9c$qcooperationbetwe00elli
=852  8\$beresour-nc$hOnline Resource$t1
=856  41$3Full text - HathiTrust Digital Library$uhttps://hdl.handle.net/2027/uiuo.ark:/13960/t7sn6dd9c

