=LDR  01409cam a2200361Ia 4500
=001  3225079
=005  20170721142733.0
=008  900530s1913\\\\enk\\\\\\\\\\\000\0\eng\d
=003  UIUdb
=035  \\$a(OCoLC)ocm07591568
=040  \\$aKKU$beng$cKKU$dOCLCQ$dOCLCF$dOCLCO$dOCLCQ$dOCLCO
=043  \\$ae-uk---
=050  \4$aHD3176$b.M35 1913
=049  \\$aUIUU
=100  1\$aMann, Amos.
=245  10$aCo-operative production from the labour co-partnership standpoint /$cby Amos Mann.
=260  \\$aLondon :$bLabour Co-partnership Association,$c1913.
=300  \\$a10 pages ;$c21 cm
=336  \\$atext$btxt$2rdacontent
=337  \\$aunmediated$bn$2rdamedia
=338  \\$avolume$bnc$2rdacarrier
=500  \\$aCover title.
=500  \\$a"A paper read at the British Association, at Leicester, August, 1907. The figures have been revised to 1912."
=650  \0$aProducer cooperatives$zGreat Britain.
=650  \0$aCooperation$zGreat Britain.
=650  \7$aCooperation.$2fast$0(OCoLC)fst00878116
=650  \7$aProducer cooperatives.$2fast$0(OCoLC)fst01078184
=651  \7$aGreat Britain.$2fast$0(OCoLC)fst01204623
=710  2\$aLabour Co-partnership Association (Great Britain)
=994  \\$aC0$bUIU
=955  \\$bark:/13960/t7cs21s7x$qcooperativeprodu00mann
=852  8\$beresour-nc$hOnline Resource$t1
=856  41$3Full text - HathiTrust Digital Library$uhttps://hdl.handle.net/2027/uiuo.ark:/13960/t7cs21s7x

