=LDR  00915cam a22002651  4500
=001  3236006
=005  20080123223936.0
=008  900530s1863\\\\ohu\\\\\\\\\\\\\\\\\eng\u
=003  UIUdb
=035  \\$a(OCoLC)ocm77340606
=035  \\$9AUT-9828
=035  \\$9UC 12059380
=035  \\$auil00028523
=040  \\$dUtOrBLW
=110  2\$aAtlantic and Great Western Railway Company.
=245  10$aCopy of deed of further assurance, of the Atlantic and Great Western Rail Road Co., to Azariah C. Flagg and Frederick Schuchardt.
=260  \\$aAkron,$c[1863]
=300  \\$a7 p. ;$ccm.
=500  \\$aCover-title.
=911  \\$1m$2AUT-9828$3UC 12059380$46/10/2004 13:28:27$a385.4 AT64C
=913  \\$137254
=910  \\$aMARS
=955  \\$bark:/13960/t2w43zp5w$qcopyofdeedoffurt00atla
=852  8\$beresour-nc$hOnline Resource$t1
=856  41$3Full text - HathiTrust Digital Library$uhttps://hdl.handle.net/2027/uiuo.ark:/13960/t2w43zp5w

