=LDR  00834cam a22002411  4500
=001  3229381
=005  20071206234104.0
=008  900530s1919\\\\nyu\\\\\\\\\\\\\\\\\eng\u
=003  UIUdb
=035  \\$a(OCoLC)ocm77340048
=035  \\$9AUT-3183
=035  \\$9UC 07033939
=035  \\$aurb00093513
=040  \\$dUtOrBLW
=110  2\$aHydraulic Society (New York)
=245  10$aCost accounting system recommended by ... its Plan and Scope Committee and its Cost Accounting Committee.
=260  \\$a[New York?],$c1919.
=300  \\$a11 sheets ;$ccm.
=500  \\$aTypewritten copy, on one side of leaf only.
=650  \0$aCost$xAccounting.
=955  \\$bark:/13960/t2b91gb1p$qcostaccountingsy00hydr
=852  8\$beresour-nc$hOnline Resource$t1
=856  41$3Full text - HathiTrust Digital Library$uhttps://hdl.handle.net/2027/uiuo.ark:/13960/t2b91gb1p

