=LDR  00758cam a2200253K  4500
=001  3227411
=005  20030810040828.0
=008  900530s1876\\\\sz\\\\\\\\\\\\000\0\fre\d
=003  UIUdb
=035  \\$a(OCoLC)ocm48031691
=040  \\$aYUS$cYUS$dUIU
=035  \\$9AUT-1210
=035  \\$9UC 05010641
=049  \\$aUIUU
=100  1\$aRitter, Eugène,$d1836-1928.
=245  10$aCours d'histoire de la langue française;$bleçon d'ouverture ...
=260  \\$aGenève,$c1876.
=300  \\$a[1 v.]
=910  \\$arcp0400
=994  \\$a02$bUIU
=910  \\$aMARS
=955  \\$bark:/13960/t6d284m4j$qcoursdhistoirede00ritt
=852  8\$beresour-nc$hOnline Resource$t1
=856  41$3Full text - HathiTrust Digital Library$uhttps://hdl.handle.net/2027/uiuo.ark:/13960/t6d284m4j

