=LDR  01024cam a2200301I  4500
=001  3226799
=005  20030721105201.0
=008  900530s1910\\\\lau\\\\\\\\\\s000\0\eng\c
=003  UIUdb
=010  \\$aagr11002263 
=035  \\$a(OCoLC)ocm06642410
=040  \\$aLibrary, U.S. Dept. of Agriculture$cLUU$dLUU$dUIU
=035  \\$9AUT-0597
=035  \\$9UC 04069223
=043  \\$an-us-la
=090  \\$aLB1561.L8$bA2 1910
=049  \\$aUIUU
=110  1\$aLouisiana.$bDept. of Education.
=245  10$aCourse of study for rural elementary graded schools.$bState of Louisiana.$cT.H. Harris, state superintendent of public education. 1910.
=260  \\$aBaton Rouge, La. :$bRamires & Jones,$c1910.
=300  \\$a51 p.$c23 cm.
=650  \0$aEducation$zLouisiana.
=910  \\$arcp6088
=994  \\$a02$bUIU
=910  \\$aMARS
=955  \\$bark:/13960/t19m0js2z$qcourseofstudyfor00loui
=852  8\$beresour-nc$hOnline Resource$t1
=856  41$3Full text - HathiTrust Digital Library$uhttps://hdl.handle.net/2027/uiuo.ark:/13960/t19m0js2z

