=LDR  00752cam a2200217K  4500
=001  7212513
=005  20130419134733.0
=008  010124s1907\\\\nyu\\\\\\\\\\\000\0\eng\d
=003  UIUdb
=035  \\$a(OCoLC)ocm45783403
=040  \\$aYUS$cYUS$dOCLCQ
=049  \\$aUIUU
=110  2\$aHunter College.
=245  10$aCourse of study of the Normal College of the City of New York.$bBulletin no. 3. June, 1907.
=260  \\$a[New York]$c1907.
=300  \\$a62 p.$c23 cm.
=490  0\$aNormal college of the city of New York. Bulletin$vno. 3
=994  \\$aC0$bUIU
=955  \\$bark:/13960/t2v46xr75$qcourseofstudyofn00hunt
=852  8\$beresour-nc$hOnline Resource$t1
=856  41$3Full text - HathiTrust Digital Library$uhttps://hdl.handle.net/2027/uiuo.ark:/13960/t2v46xr75

