=LDR  01519cam a2200337I  4500
=001  7224809
=005  20130507113404.0
=008  870822s1914\\\\nyu\\\\\\\\\\\000\0\eng\\
=003  UIUdb
=010  \\$a   14031069 
=035  \\$a(OCoLC)ocm16529260
=040  \\$aDLC$cWEL$dWEL$dOCLCQ
=029  1\$aAU@$b000028218996
=043  \\$an-us-ny
=050  0\$aLB2167.N7$bA2 1914
=092  \\$a370.7$bN48a
=049  \\$aUIUU
=110  2\$aUniversity of the State of New York.
=245  10$aCourse of study and syllabus for the college graduate certificates ...
=260  \\$aAlbany,$bUniversity of the State of New York,$c1914.
=300  \\$a[3]-38 p.$c23 cm.
=490  0\$aUniversity of the State of New York bulletin ...$vno. 554
=500  \\$aCover title.
=500  \\$aRev. by the University of the State of New York, July 1, 1912, under advice and cooperation of the following committee: Prof. J.R. Street, PH. D, Syracuse University, chairman, Prof. Henry Suzzello, PH. D., Columbia University, Prof. Charles De Garmo, PH. D., Cornell University, Augustus S. Downing ... assistant commissioner for higher education. Approved December 11, 1913.
=650  \0$aTeachers$xTraining of$zNew York (State)
=650  \0$aEducation$xStudy and teaching.
=700  1\$aStreet, Jacob Richard,$d1860-
=994  \\$aC0$bUIU
=955  \\$bark:/13960/t0rr8293j$qcourseofstudysyl00univ
=852  8\$beresour-nc$hOnline Resource$t1
=856  41$3Full text - HathiTrust Digital Library$uhttps://hdl.handle.net/2027/uiuo.ark:/13960/t0rr8293j

