=LDR  01033ccm a2200289Mi 4500
=001  3456649
=005  20090630095040.0
=008  900222s1899\\\\nyuzza\\\\\\\\\n\\\\lat\d
=003  UIUdb
=035  \\$a(OCoLC)ocm22100474
=040  \\$aCUY$cCUY$dOCLCG
=028  22$a14345$bG. Schirmer
=045  \\$au8v4
=048  \\$aca10
=049  \\$aUIUU
=100  1\$aLotti, Antonio,$dd. 1740.
=245  10$aCrucifixus :$bfor ten voices : (3 sopranos, 2 altos, 3 tenors, 2 basses)
=260  \\$aNew York :$bG. Schirmer,$c[c1899]
=300  \\$a1 score (15 p.) ;$c28 cm.
=440  \0$aMusical art society of New York : works selected from the programs of the society ;$v23
=500  \\$a"Edited by Frank Damrosch."
=650  \0$aChoruses, Sacred (Mixed voices), Unaccompanied.
=700  1\$aDamrosch, Frank,$d1859-1937.
=994  \\$aC0$bUIU
=955  \\$bark:/13960/t5x69qd1k$qcrucifixusforten00lott
=852  8\$beresour-nc$hOnline Resource$t1
=856  41$3Full text - HathiTrust Digital Library$uhttps://hdl.handle.net/2027/uiuo.ark:/13960/t5x69qd1k

