=LDR  01510cam a2200325K  4500
=001  7272154
=005  20130701111708.0
=008  981101s1916\\\\oruac\\\\\\\\\000\0\eng\d
=003  UIUdb
=035  \\$a(OCoLC)ocm40203847
=040  \\$aCGU$beng$cCGU$dOCLCQ$dAGL$dOCLCQ$dORU$dOCLCA
=016  7\$aCAT10945967$2DNAL
=043  \\$an-us-or
=070  0\$a73.1$bOr3
=072  \0$aF140
=072  \0$aS200
=049  \\$aUIUU
=110  2\$aUniversity of Oregon.$bDepartment of Commercial and Industrial Service.
=245  14$aThe culture and manufacture of flax for fibre and seed, with special reference to the industry in Oregon;$bclimatic conditions and advantages of Oregon; production, demand, freights, markets, prices, profits, expert opinions, and the conditions in foreign countries,$cissued by the Department of commercial and industrial service, University of Oregon school of commerce ... comp. by J. Frederic Thorne.
=260  \\$a[Eugene,$bUniversity of Oregon,$c1916]
=300  \\$a70 p.$billus. (incl. port.)$c23 cm.
=490  1\$aThe University of Oregon bulletin.$vnew ser., vol. XIII, no. 13. Aug. 1, 1916
=650  \0$aFlax.
=650  \0$aFlax$zOregon.
=700  1\$aThorne, J. Frederic,$ecomp.
=830  \0$aUniversity of Oregon bulletin ;$vnew ser., v. 13, no. 13.
=994  \\$aC0$bUIU
=955  \\$bark:/13960/t3fz3gt2z$qculturemanufactu00univ
=852  8\$beresour-nc$hOnline Resource$t1
=856  41$3Full text - HathiTrust Digital Library$uhttps://hdl.handle.net/2027/uiuo.ark:/13960/t3fz3gt2z

