=LDR  00794cam a22002651  4500
=001  3226884
=005  20071206000436.0
=008  900530s1919\\\\ilu\\\\\r\\\\l\\\\\\eng\u
=003  UIUdb
=035  \\$a(OCoLC)ocm77339798
=035  \\$9AUT-0682
=035  \\$9UC 04069542
=035  \\$auil00067999
=040  \\$dUtOrBLW
=110  2\$aRock Island (Ill.).$bHigh School.
=245  10$a[Curriculum].
=260  \\$a[Rock Island,$c1919]
=300  \\$a[19] p. ;$ccm.
=590  \\$aMimeographed copy.
=911  \\$1m$2AUT-0682$3UC 04069542$47/14/2004 8:58:08$a375 R591C
=913  \\$18806
=910  \\$aMARS
=955  \\$bark:/13960/t0103cv7c$qcurriculum00rock
=852  8\$beresour-nc$hOnline Resource$t1
=856  41$3Full text - HathiTrust Digital Library$uhttps://hdl.handle.net/2027/uiuo.ark:/13960/t0103cv7c

