=LDR  01267cam a22003131  4500
=001  3230691
=005  20080122222028.0
=008  900530s1913\\\\bl\\\\\\\\\\\\\\\\\\por\u
=003  UIUdb
=010  \\$a   17028010 
=035  \\$a(OCoLC)ocm77340227
=035  \\$9AUT-4496
=035  \\$9UC 08041519
=035  \\$auil00067892
=040  \\$dUtOrBLW
=110  2\$aObservatório Nacional (Brazil)
=245  10$aDados referentes á climatologia do Brazil, fornecidos pelo Observatorio astronomico de Rio de Janeiro.
=260  \\$aRio de Janeiro,$c1913.
=300  \\$a[3]-11 p., 4 leaves :$bill. ;$c27 cm.
=500  \\$aAt head of title: Ministerio da agricultura, industria e commercio ... Superintendencia da defesa da borracha ... Exposição nacional de borracha de 1913.
=651  \0$aBrazil$xClimate.
=610  20$aRio de Janeiro (Brazil).$bExposição nacional de borracha$d(1913)
=710  2\$aBrazil.$bSuperintendencia da defesa da borracha.
=911  \\$1m$2AUT-4496$3UC 08041519$47/14/2004 8:52:15$a551.5 R47D
=913  \\$18444
=910  \\$aMARS
=955  \\$bark:/13960/t3xt1vv1p$qdadosreferentesc00obse
=852  8\$beresour-nc$hOnline Resource$t1
=856  41$3Full text - HathiTrust Digital Library$uhttps://hdl.handle.net/2027/uiuo.ark:/13960/t3xt1vv1p

