=LDR  00926cam a2200277Mi 4500
=001  3222115
=005  20080513155240.0
=008  900530s1914\\\\gw\\\\\\\\\\\u000\u\ger\d
=003  UIUdb
=035  \\$a(OCoLC)ocm71862215
=040  \\$aGWDNB$bger$cGWDNB
=016  7\$a350231451$2GyFmDB
=035  \\$9uc 00018706
=035  \\$9AUS-5901
=049  \\$aUIUU
=100  1\$aGirkon, Hans.
=245  10$aDarstellung und Kritik des religiösen Illusionsbegriffes bei Ludwig Feuerbach.
=260  \\$aTübingen,$c1914.
=300  \\$aIV, 73 S. ;$c8.
=500  \\$aGekürzt als: Theol. Arbeiten aus d. Rhein. wiss. Predigerverein. N. F. H. 15.
=502  \\$aErlangen, Phil. Diss., 1915.
=699  \9$a193F43YGI
=994  \\$a92$bUIU
=955  \\$bark:/13960/t6rz5gq6x$qdarstellungundkr00girk
=852  8\$beresour-nc$hOnline Resource$t1
=856  41$3Full text - HathiTrust Digital Library$uhttps://hdl.handle.net/2027/uiuo.ark:/13960/t6rz5gq6x

