=LDR  00843cam a22002417  4500
=001  1758926
=005  20071128225428.0
=008  900530s1844\\\\gw\\\\\\\\\\\\000\0\ger\d
=003  UIUdb
=035  \\$a(OCoLC)ocm77177658
=035  \\$9AOB-4891
=035  \\$9UC 14005750
=035  \\$a(CStRLIN)MAHGAON42172-B
=040  \\$aMH$cMH$dCStRLIN
=245  04$aDas buch der haare und bärte:$bhumoristische abhandlungen für jedermann und jede frau.
=260  \\$aLeipzig :$bI. Jackowitz,$c1844.
=300  \\$app. viii, 85. :$bFront. ;$ccm.
=911  \\$1m$2AOB-4891$3UC 14005750$44/22/2004 10:19:01$a830.87 B851
=913  \\$121167
=910  \\$aMARS
=955  \\$bark:/13960/txxxxxxxx$qdasbuchderhaareu00unse
=852  8\$beresour-nc$hOnline Resource$t1
=856  41$3Full text - HathiTrust Digital Library$uhttps://hdl.handle.net/2027/uiuo.ark:/13960/txxxxxxxx

