=LDR  00823cam a2200253K  4500
=001  2036138
=005  20030809213014.0
=008  900530s1872\\\\gw\\\\\\\\\\\\000\0\ger\d
=003  UIUdb
=035  \\$a(OCoLC)ocm46954434
=040  \\$aYUS$cYUS$dUIU
=035  \\$9APQ-7061
=035  \\$9UC 05005865
=049  \\$aUIUU
=100  1\$aMartin, Ernst Eduard,$d1841-1910.
=245  14$aDas historische Studium der neueren Sprachen und seine Bedeutung für den Schulunterricht zunächst in Baden ...
=260  \\$aFreiburg i. Br.,$c1872.
=300  \\$a24 p.$c24 cm.
=910  \\$arcp0600
=994  \\$a02$bUIU
=910  \\$aMARS
=955  \\$bark:/13960/t43r72v3j$qdashistorischest00mart
=852  8\$beresour-nc$hOnline Resource$t1
=856  41$3Full text - HathiTrust Digital Library$uhttps://hdl.handle.net/2027/uiuo.ark:/13960/t43r72v3j

