=LDR  01029cam a2200289K  4500
=001  2234532
=005  20030806070549.0
=008  900530s1912\\\\gw\\\\\\\m\\\\000\0\ger\d
=003  UIUdb
=035  \\$a(OCoLC)ocm45722393
=040  \\$aYUS$cYUS$dUIU
=035  \\$9AQK-6663
=035  \\$9UC 08035012
=049  \\$aUIUU
=100  1\$aHeck, Friedrich,$d1872-
=245  14$aDas Kirchenwesen der Stadt Hanau a.M. im Mittelalter;$bein Beitrag zur Geschichte der Organisation der städtischen Pfarrkirchen und Stiftskirchen ...
=260  \\$a[Cassel,$c1912]
=300  \\$a[1 v.]
=502  \\$aInaug. Diss.--Tübingen.
=500  \\$aLebenslauf.
=500  \\$a"Sonderabdruck aus der Zeitschrift des Vereins für hessische Geschichte und Landeskunde, Band 46 (1912)."
=910  \\$arcp3596
=994  \\$a02$bUIU
=910  \\$aMARS
=955  \\$bark:/13960/t08w9ms1w$qdaskirchenwesend00heck
=852  8\$beresour-nc$hOnline Resource$t1
=856  41$3Full text - HathiTrust Digital Library$uhttps://hdl.handle.net/2027/uiuo.ark:/13960/t08w9ms1w

