=LDR  00753nam a2200217K  4500
=001  6105113
=005  20100129150113.0
=008  100129s1920\\\\gw\\\\\\\\\\\\000\0\ger\d
=003  UIUdb
=035  \\$a(OCoLC)ocn502461918
=040  \\$aUIU$cUIU
=049  \\$aUIUU
=100  1\$aRohrbach, Paul,$d1869-1956.
=245  14$aDas osteuropäische Problem /$cPaul Rohrbach.
=260  \\$aBerlin-Schöneberg,$bBuchdruckerei Alb. Sayffaerth (Otto Fleck)$c1920.
=300  \\$a47 p.$c24 cm.
=651  \0$aEurope, Eastern$xPolitics and government.
=994  \\$aC0$bUIU
=955  \\$bark:/13960/t9286j791$qdasosteuropaisch00rohr
=852  8\$beresour-nc$hOnline Resource$t1
=856  41$3Full text - HathiTrust Digital Library$uhttps://hdl.handle.net/2027/uiuo.ark:/13960/t9286j791

