=LDR  01064cam a2200337L  4500
=001  2335494
=005  20030804050714.0
=008  900530s1912\\\\gw\\\\\\\b\\\\000\0dger\\
=003  UIUdb
=010  \\$a   39022099 
=035  \\$a(OCoLC)ocm13971790
=040  \\$aDLC$cUBY$dUIU
=019  \\$a27284618
=035  \\$9AQU-9806
=035  \\$9UC 09017582
=050  0\$aP131$b.G75
=049  \\$aUIUU
=100  1\$aGrassler, Richard,$d1870-
=245  14$aDas Problem vom Ursprung der Sprache in der neueren Psychologie ...$cvon Richard Grassler ...
=260  \\$aLangensalza :$bDruck von H. Beyer & Söhne,$c1912.
=300  \\$a58 p., 1 l.$c21 cm.
=500  \\$aInaug.-diss.--Erlangen.
=500  \\$aLebenslauf.
=504  \\$a"Literaturverzeichnis": p. [5]
=650  \0$aLanguage and languages.
=910  \\$arcp3170
=994  \\$a02$bUIU
=910  \\$aMARS
=955  \\$bark:/13960/t2d85jd4n$qdasproblemvomurs00gras
=852  8\$beresour-nc$hOnline Resource$t1
=856  41$3Full text - HathiTrust Digital Library$uhttps://hdl.handle.net/2027/uiuo.ark:/13960/t2d85jd4n

