=LDR  00896cam a2200277K  4500
=001  2658298
=005  20030803093616.0
=008  900530s1913\\\\gw\\\\\\\\\\\\000\0\ger\d
=003  UIUdb
=035  \\$a(OCoLC)ocm42321003
=040  \\$aZCU$cZCU$dUIU
=035  \\$9ASB-8968
=035  \\$9UC 11065680
=049  \\$aUIUU
=100  1\$aKrämer, Theodor,$d1888-
=245  14$aDas romantische ritterepos bei Fouqué ...$cvon Theodor Krämer.
=260  \\$aMünster :$bRegensberg,$c1913.
=300  \\$a87 p.$c23 cm.
=502  \\$aThesis--Münster.
=600  10$aLa Motte-Fouqué, Friedrich Heinrich Karl,$cFreiherr de,$d1777-1843.
=910  \\$arcp1117
=994  \\$a02$bUIU
=910  \\$aMARS
=955  \\$bark:/13960/t16m9g34m$qdasromantischeri00kram
=852  8\$beresour-nc$hOnline Resource$t1
=856  41$3Full text - HathiTrust Digital Library$uhttps://hdl.handle.net/2027/uiuo.ark:/13960/t16m9g34m

