=LDR  00834cam a2200253Ki 4500
=001  2767071
=005  20030804091440.0
=008  900530s1872\\\\gw\\\\\\\\\\\\000\0\ger\d
=003  UIUdb
=035  \\$a(OCoLC)ocm23662560
=040  \\$aKEI$cKEI$dOCLCQ$dUIU
=035  \\$9ASM-8424
=035  \\$9UC 12096893
=049  \\$aUIUU
=100  1\$aRichter, Emil.
=245  14$aDas Transport-Unwesen auf den Eisenbahnen in Deutschland :$bdessen Erscheinung, Wirkung und Beseitigung /$cvon Emil Richter.
=260  \\$aFrankfurt a.M. :$bJ.D. Sauerländer,$c1872.
=300  \\$a82 p.
=910  \\$arcp3254
=994  \\$a02$bUIU
=910  \\$aMARS
=955  \\$bark:/13960/t40s60b31$qdastransportunwe00rich
=852  8\$beresour-nc$hOnline Resource$t1
=856  41$3Full text - HathiTrust Digital Library$uhttps://hdl.handle.net/2027/uiuo.ark:/13960/t40s60b31

