=LDR  00782cam a2200253u  4500
=001  2766092
=005  20080123000028.0
=008  900530s1918\\\\au\\\\\\\\\\\\000\0\ger\d
=003  UIUdb
=035  \\$a(OCoLC)ocm72716853
=035  \\$9ASM-7444
=035  \\$9UC 11093924
=035  \\$a(CStRLIN)OHLG44692340-B
=040  \\$aNN$cNN$dUtOrBLW
=100  1\$aSchwiedland, Eugen Peter,$d1863-
=245  14$aDas Transportwesen.
=260  \\$aWien :$bManz,$c1918.
=300  \\$a33 p. ;$c23 cm.
=500  \\$a"Zweite Auflage."
=650  \0$aTransportation.
=987  \\$amissing$bmatch points
=955  \\$bark:/13960/t37148m6x$qdastransportwese00schw
=852  8\$beresour-nc$hOnline Resource$t1
=856  41$3Full text - HathiTrust Digital Library$uhttps://hdl.handle.net/2027/uiuo.ark:/13960/t37148m6x

