=LDR  00854cam a2200253M  4500
=001  2802476
=005  20080131082434.0
=008  900530s1881\\\\gw\\\\\\\\\\\\000\0\ger\d
=003  UIUdb
=035  \\$a(OCoLC)ocm65505603
=040  \\$aNLGGC$efobidrtb$bdut$cNLGGC
=029  0\$aNLGGC$b06505847X
=035  \\$9ASQ-4048
=035  \\$9UC 01083552
=049  \\$aUIUU
=100  1\$aSchmitz, Hermann Joseph.
=245  14$aDas Volksschulwesen im Mittelalter /$cvon Herm. Jos. Schmitz.
=260  \\$aFrankfurt am Main :$bFoesser,$c1881.
=300  \\$a29 p. ;$c23 cm.
=490  0\$aFrankfurter zeitgemässe Broschüren. N.F ;$vBd. 2, H. 10
=994  \\$a92$bUIU
=955  \\$bark:/13960/t3423652c$qdasvolksschulwes00schm
=852  8\$beresour-nc$hOnline Resource$t1
=856  41$3Full text - HathiTrust Digital Library$uhttps://hdl.handle.net/2027/uiuo.ark:/13960/t3423652c

