=LDR  01008cam a2200289I  4500
=001  3249828
=005  20030804053900.0
=008  900530s1830\\\\xx\\\\\\\\\\\\000\0\eng\d
=003  UIUdb
=035  \\$a(OCoLC)ocm02413241
=040  \\$aAQM$cAQM$dUIU
=035  \\$9AUV-3766
=035  \\$9UC 03017464
=049  \\$aUIUU
=100  1\$aMagie, David,$d1795-1865.
=245  10$aDebts; the substance of three sermons,$bdelivered in the Second Presbyterian Church, Elizabeth-town. ...
=260  \\$aElizabeth-town [N.J.] :$bPrinted by Sanderson and Brookfield,$c1830.
=300  \\$a[3],4-32p.$c24cm.
=500  \\$aBuff printed paper cover with ornamental border.
=650  \0$aDebtor and creditor.
=650  \0$aSermons$xCollections by one author.
=910  \\$arcp2082
=994  \\$a02$bUIU
=910  \\$aMARS
=955  \\$bark:/13960/t7tn3f56c$qdebtssubstanceof00magi
=852  8\$beresour-nc$hOnline Resource$t1
=856  41$3Full text - HathiTrust Digital Library$uhttps://hdl.handle.net/2027/uiuo.ark:/13960/t7tn3f56c

