=LDR  01148cam a22003011  4500
=001  3262705
=005  20080123225737.0
=008  900530s1847\\\\enk\\\\\\\\\\\\\\\\deng\u
=003  UIUdb
=035  \\$a(OCoLC)ocm77342189
=035  \\$9AUW-6671
=035  \\$9UC 12098851
=035  \\$auil00035923
=040  \\$dUtOrBLW
=100  1\$aBide, William.
=245  10$aDeception unmasked :$btwo letters to the inhabitants of Yeovil, on the railway question, (in reply to the letters by "A townsman," and Mr. J.T. Vining).
=260  \\$aYeovil,$c[1847?]
=300  \\$a16 p. ;$ccm.
=590  \\$aBound with: Bide, William. "Deception unmasked." A third and fourth letter to the inhabitants of Yeovil. [1847].
=600  10$aVining, J.T.$t"No deception"$xCriticism.
=710  2\$aGreat Western Railway.
=710  2\$aSouth Western Railway.
=911  \\$1m$2AUW-6671$3UC 12098851$46/17/2004 19:21:38$a385.42 G799B
=913  \\$152809
=910  \\$aMARS
=955  \\$bark:/13960/t8z95ft76$qdeceptionunmaske00bide
=852  8\$beresour-nc$hOnline Resource$t1
=856  41$3Full text - HathiTrust Digital Library$uhttps://hdl.handle.net/2027/uiuo.ark:/13960/t8z95ft76

