=LDR  00824cam a2200265M  4500
=001  3032296
=005  20080330151647.0
=008  900530s1883\\\\xx\\\\\\\\\\\\000\0\lat\d
=003  UIUdb
=035  \\$a(OCoLC)ocm68574873
=040  \\$aNLGGC$efobidrtb$bdut$cNLGGC
=029  0\$aNLGGC$b155607863
=035  \\$9uc 04026363
=035  \\$9ATP-7008
=049  \\$aUIUU
=100  1\$aSchuenemann, Otto.
=245  10$aDe cohortibus Romanorum auxiliariis /$cOtto Schuenemann.
=260  \\$aHalis Saxonum,$c1883.
=300  \\$a.. p. ;$c21 cm.
=500  \\$aProefschrift Halle-Wittenberg.
=699  \9$a355SCH8D
=994  \\$a92$bUIU
=955  \\$bark:/13960/t78t0xt69$qdecohortibusroma00schu
=852  8\$beresour-nc$hOnline Resource$t1
=856  41$3Full text - HathiTrust Digital Library$uhttps://hdl.handle.net/2027/uiuo.ark:/13960/t78t0xt69

