=LDR  01039cam a2200253I  4500
=001  1805744
=005  20101018142135.0
=008  900530s1911\\\\sr\a\\\\\\\\\f000\0\dut\d
=003  UIUdb
=035  \\$a(OCoLC)ocm01666184
=040  \\$aFUG$cFUG$dOCL$dOCLCQ$dUIU
=043  \\$as-sr---
=092  \\$a330.9883$bN4692d
=049  \\$aUIUU
=110  1\$aNetherlands.$bCommissie op de Economische en Financieele Toestand der Kolonie Suriname.
=245  13$aDe economische en financieele toestand der kolonie Suriname; rapport der Commissie, benoemd bij besluit van zijne excellenties den Minister van Koloniën, van 11 maart 1911.
=260  \\$a's-Gravenhage,$bNijhoff,$c1911.
=300  \\$axi, 308, 48, 5 p.$billus. (part fold.)$c27 cm.
=651  \0$aSuriname$xEconomic conditions.
=650  \0$aFinance, Public$zSuriname.
=994  \\$aC0$bUIU
=955  \\$bark:/13960/t46q85g7r$qdeeconomischeenf00neth
=852  8\$beresour-nc$hOnline Resource$t1
=856  41$3Full text - HathiTrust Digital Library$uhttps://hdl.handle.net/2027/uiuo.ark:/13960/t46q85g7r

