=LDR  00921cam a2200289K  4500
=001  1952870
=005  20030801081710.0
=008  900530s1909\\\\gw\\\\\\\m\\\\000\0\lat\d
=003  UIUdb
=035  \\$a(OCoLC)ocm43780799
=040  \\$aPUL$cPUL$dOCLCQ$dUIU
=035  \\$9API-1130
=035  \\$9UC 17078558
=049  \\$aUIUU
=100  1\$aKling, Hermann.
=245  10$aDe Hilario Pictavensi Artis rhetoricae ipsiusque et fertur Institutionis oratoriae Quintilianeae studioso ...
=260  \\$aFreiburg i.Br.,$c1909.
=300  \\$a57 p.$c23 cm. (8vo)
=502  \\$aInaug.-diss.--Heidelberg.
=600  00$aHilarius Pictaviensis.
=600  00$aQuintilian.
=910  \\$arcp3254
=994  \\$a02$bUIU
=910  \\$aMARS
=955  \\$bark:/13960/t06x5k097$qdehilariopictave00klin
=852  8\$beresour-nc$hOnline Resource$t1
=856  41$3Full text - HathiTrust Digital Library$uhttps://hdl.handle.net/2027/uiuo.ark:/13960/t06x5k097

