=LDR  00809cam a22002537  4500
=001  3225332
=005  20071205233103.0
=008  900530nuuuuuuuuxx\\\\\\\\\\\\000\0\fre\d
=003  UIUdb
=035  \\$a(OCoLC)ocm77339670
=035  \\$9AUS-9126
=035  \\$9UC 03043151
=035  \\$a(CStRLIN)MAHGBAA39866-B
=040  \\$a*HVL*$c*HVL*$dCStRLIN
=100  1\$aGrasserie, Raovlde.
=245  10$aDe la criminologie des collectivités.
=300  \\$a96 p. ;$c8vo
=500  \\$an.t.p.
=500  \\$aCover-title.
=500  \\$a"Extrait de la Revue internationale de sociologie."
=987  \\$amissing$bmatch points
=955  \\$bark:/13960/t9m391j1c$qdelacriminologie00gras
=852  8\$beresour-nc$hOnline Resource$t1
=856  41$3Full text - HathiTrust Digital Library$uhttps://hdl.handle.net/2027/uiuo.ark:/13960/t9m391j1c

