=LDR  00985cam a22003011  4500
=001  2189792
=005  20071129224749.0
=008  900530s1847\\\\fr\\\\\\\\\\\\\\\\\\fre\u
=003  UIUdb
=035  \\$a(OCoLC)ocm77217835
=035  \\$9AQG-1600
=035  \\$9UC 12096222
=035  \\$auil00069856
=040  \\$dUtOrBLW
=100  1\$aTexier, F.
=245  10$aDe la nécessité pour l'état de garantir aux compagnies de chemins de fer un minimum d'intérêt.
=260  \\$aParis,$c1847.
=300  \\$a32 p. ;$ccm.
=590  \\$aRailway Eng. Department.
=650  \0$aRailroads and state$zFrance.
=650  \0$aRailroads$zFrance$xFinance.
=911  \\$1m$2AQG-1600$3UC 12096222$47/14/2004 16:53:30$a385.12 T313D
=913  \\$122294
=987  \\$ause$bnote
=910  \\$aMARS
=955  \\$bark:/13960/t1nh0vn8v$qdelanecessitepou00texi
=852  8\$beresour-nc$hOnline Resource$t1
=856  41$3Full text - HathiTrust Digital Library$uhttps://hdl.handle.net/2027/uiuo.ark:/13960/t1nh0vn8v

