=LDR  01905cam a2200361Ka 4500
=001  6379521
=005  20151015124118.0
=008  960202s1902\\\\it\\\\\\\b\\\\000\0\ita\d
=003  UIUdb
=035  \\$a(OCoLC)ocn237336598
=040  \\$aMH$beng$edcrmb$cHLS$dOCLCF$dOCLCO$dUIU
=049  \\$aUIUU$oskip
=100  1\$aSalvioni, Carlo,$d1858-1920.
=245  10$aDell'antico dialetto pavese /$cCarlo Salvioni.
=260  \\$aPavia :$bPremiata tipografia successori Fratelli Fusi,$c1902.
=300  \\$a63 p. ;$c26 cm.
=500  \\$a"Estratto dal Bollettino della Società pavese di storia patria, anno II, 1902, fascicolo I e II."
=500  \\$aPages also numbered [193]-251.
=504  \\$aIncludes bibliographical references.
=500  \\$a457 Sa3d cop. 2: "Cavagna Library" stamp on p. [5]; in library binder; original front wrapper affixed to front board of binder.$5IU-R
=500  \\$aCavagna 11736: Author's presentation inscription to Cavagna on front cover; University of Illinois bookplate: "From the library of Conte Antonio Cavagna Sangiuliani di Gualdana Lazelada di Bereguardo, purchased 1921".$5IU-R
=650  \0$aItalian language$xDialects$zItaly$zPavia.
=650  \7$aItalian language$xDialects.$2fast$0(OCoLC)fst00980505
=651  \7$aItaly$zPavia.$2fast$0(OCoLC)fst01204895
=655  \7$aAuthors' presentation inscriptions (Provenance)$zItaly$y20th century.$2rbprov$5IU-R
=700  1\$aCavagna Sangiuliani di Gualdana, Antonio,$cconte,$d1843-1913,$eformer owner.$5IU-R
=710  2\$aCavagna Collection (University of Illinois at Urbana-Champaign Library)$5IU-R
=730  0\$aBollettino della Società pavese di storia patria.
=752  \\$aItaly$dPavia.
=994  \\$aC0$bUIU
=955  \\$bark:/13960/t41s31034$qdellanticodialet00salv
=852  8\$beresour-nc$hOnline Resource$t1
=856  41$3Full text - HathiTrust Digital Library$uhttps://hdl.handle.net/2027/uiuo.ark:/13960/t41s31034

