=LDR  00932cam a2200289K  4500
=001  2958044
=005  20080326193052.0
=008  900530s1913\\\\gw\\\\\\\bm\\\000\0\ger\d
=003  UIUdb
=035  \\$a(OCoLC)ocm43272079
=040  \\$aNYP$cNYP
=035  \\$9uc 03096896
=035  \\$9ATG-6000
=049  \\$aUIUU
=100  1\$aKassidolac, Milivoj,$d1886-
=245  14$aDer Arbeitsnachweis in Frankreich ...$cvon Miliwoj Kassidolatz ...
=260  \\$aErlqangen,$bJunge & Sohn,$c1913.
=300  \\$a175 p.$c8vo.
=502  \\$aDissertation, Erlangen, 1912.
=500  \\$aLebenslauf.
=504  \\$aBibliography, p. [170-]171.
=650  \4$aEmployment agencies, bureaus, etc.$zFrance.
=699  \9$a331.87K15A
=994  \\$a92$bUIU
=955  \\$bark:/13960/t0dv7rd08$qderarbeitsnachwe00kass
=852  8\$beresour-nc$hOnline Resource$t1
=856  41$3Full text - HathiTrust Digital Library$uhttps://hdl.handle.net/2027/uiuo.ark:/13960/t0dv7rd08

