=LDR  00900cam a2200277K  4500
=001  3027134
=005  20030801090232.0
=008  900530s1896\\\\gw\\\\\\\\\\\\000\0\ger\d
=003  UIUdb
=035  \\$a(OCoLC)ocm24055631
=040  \\$aCLU$cCLU$dOCLCQ$dUIU
=035  \\$9ATP-1831
=035  \\$9UC 00047118
=090  \\$aB23$b.B45 v.4
=049  \\$aUIUU
=100  1\$aKästner, O.$q(Oskar),$db. 1872.
=245  14$aDer Begriff der Entwicklung bei Nikolaus von Kues$cvon Dr. O. Kästner.
=260  \\$aBern :$bA. Siebert,$c1896.
=300  \\$a2 p. l., 50 p.
=490  0\$aBerner Studien zur Philosophie und ihrer Geschichte,$vBand IV
=910  \\$arcp3604
=994  \\$a02$bUIU
=910  \\$aMARS
=955  \\$bark:/13960/t3qv9r03q$qderbegriffderent00kast
=852  8\$beresour-nc$hOnline Resource$t1
=856  41$3Full text - HathiTrust Digital Library$uhttps://hdl.handle.net/2027/uiuo.ark:/13960/t3qv9r03q

