=LDR  01091cam a2200313Ka 4500
=001  3247611
=005  20030731202933.0
=008  900530s1887\\\\ohu\\\\\\b\\\\000\0\ger\d
=003  UIUdb
=035  \\$a(OCoLC)ocm28407752
=040  \\$aISS$cISS$dUIU
=035  \\$9AUV-1539
=035  \\$9UC 01009411
=043  \\$an-us---
=090  \\$aBX1407.G4$bA6 1887
=049  \\$aUIUU
=100  1\$aAlgermissen, Karl.
=245  14$aDer Deutsch-Amerikanische Katholik, oder, Ist es erspriesslich, für das Ewige und Zeitliche Wohl des kathol. Deutsch-Amerikaners, Sprach und Sitte zu opfern? /$cvon Karl Algermissen.
=260  \\$aCincinnati, Ohio :$bP.T. Schultz,$c1887.
=300  \\$a48 p. ;$c18 cm.
=504  \\$aIncludes bibliographical references.
=610  20$aCatholic Church$zUnited States.
=650  \0$aGerman Americans.
=910  \\$arcp2834
=994  \\$a02$bUIU
=910  \\$aMARS
=955  \\$bark:/13960/t1bk7kd1k$qderdeutschamerik00alge
=852  8\$beresour-nc$hOnline Resource$t1
=856  41$3Full text - HathiTrust Digital Library$uhttps://hdl.handle.net/2027/uiuo.ark:/13960/t1bk7kd1k

