=LDR  00904cam a22002531  4500
=001  3246530
=005  20071205222151.0
=008  900530s1916\\\\fr\\\\\\\\\\\\\\\\\\ger\u
=003  UIUdb
=035  \\$a(OCoLC)ocm77341087
=035  \\$9AUV-0454
=035  \\$9UC 00024526
=035  \\$ashi00013549
=040  \\$dUtOrBLW
=100  1\$aSieveking, Heinrich Johann.
=245  14$aDer deutsche bund und das Deutsche Reich :$bEin rückblick und ausblick : Vortrag gehalten in rathaus zu Bapaume den 5. januar 1916.
=260  \\$aBapaume,$c1916.
=300  \\$a44 p. ;$ccm.
=651  \0$aGermany$xPolitics and government.
=911  \\$a320.943 SI1D$1m$2AUV-0454$3UC 00024526$44/7/2004 12:08:39
=910  \\$aMARS
=955  \\$bark:/13960/t1tf6102n$qderdeutschebundu00siev
=852  8\$beresour-nc$hOnline Resource$t1
=856  41$3Full text - HathiTrust Digital Library$uhttps://hdl.handle.net/2027/uiuo.ark:/13960/t1tf6102n

