=LDR  00847cam a2200277K  4500
=001  2584655
=005  20030730171956.0
=008  900530s1896\\\\sz\\\\\\\m\\\\000\0\ger\d
=003  UIUdb
=035  \\$a(OCoLC)ocm43842630
=040  \\$aPUL$cPUL$dOCLCQ$dUIU
=035  \\$9ARU-4967
=035  \\$9UC 00019338
=049  \\$aUIUU
=100  1\$aBulkley, Julia Ellen.
=245  16$a(Der) einfluss Pestalozzis auf Herbart ...
=260  \\$aZürich :$bSchulthess,$c1896.
=300  \\$a[5], 129, [1] p.$c22 cm. (8vo)
=502  \\$aDiss.
=600  10$aHerbart, Johann Friedrich,$d1776-1841.
=910  \\$arcp2735
=994  \\$a02$bUIU
=910  \\$aMARS
=955  \\$bark:/13960/t75t9vc83$qdereinflusspesta00bulk
=852  8\$beresour-nc$hOnline Resource$t1
=856  41$3Full text - HathiTrust Digital Library$uhttps://hdl.handle.net/2027/uiuo.ark:/13960/t75t9vc83

