=LDR  00811cam a22002411i 4500
=001  2080461
=005  20071202223349.0
=008  900530s1912\\\\sz\\\\\\\\\\\\00|\|\ger\d
=003  UIUdb
=035  \\$a(OCoLC)ocm68720768
=035  \\$9APV-1656
=035  \\$9UC 12009847
=035  \\$a(CStRLIN)SZNG085346060-B
=040  \\$aSLB$bger$cSAZ$dCStRLIN
=100  1\$aMori, Paul.
=245  14$aDer Exporthandel der Schweiz und die Handelsbeziehungen mit den Nachbarstaaten.
=260  \\$aBern :$bScheitlin & Co.,$c1912.
=300  \\$a48, 47 S. ;$c8⁰.
=502  \\$aDiss. Phil. Bern.
=987  \\$amissing$bmatch points
=955  \\$bark:/13960/t9674nw2j$qderexporthandeld00mori
=852  8\$beresour-nc$hOnline Resource$t1
=856  41$3Full text - HathiTrust Digital Library$uhttps://hdl.handle.net/2027/uiuo.ark:/13960/t9674nw2j

