=LDR  00978cam a2200313I  4500
=001  2130045
=005  20080115194125.0
=008  900530s1914\\\\gw\\\\\\\\\\\\000\0\ger\d
=003  UIUdb
=035  \\$a(OCoLC)ocm41481079
=040  \\$aMUU$cMUU
=029  1\$aNLGGC$b118770683
=035  \\$9uc 00055629
=035  \\$9AQA-1535
=049  \\$aUIUU
=100  1\$aFriedmann, Joseph.
=245  14$aDer gesellschaftliche Verkehr und die Umgangsformen in talmudischer Zeit
=246  1\$iBinder's title:$aPamphlets, Judaism$5MoU
=260  \\$aGalanta,$bS. Neufeld,$c1914.
=300  \\$a64 p., 1 l.$c8vo.
=502  \\$aInaug.-diss.--Würzburg.
=500  \\$aLebenslauf.
=650  \0$aJewish etiquette.
=650  \0$aJews$xSocial life.
=699  \9$a296F91G
=994  \\$a92$bUIU
=955  \\$bark:/13960/t6645zf6w$qdergesellschaftl00frie
=852  8\$beresour-nc$hOnline Resource$t1
=856  41$3Full text - HathiTrust Digital Library$uhttps://hdl.handle.net/2027/uiuo.ark:/13960/t6645zf6w

