=LDR  00920cam a2200289K  4500
=001  2144670
=005  20030804180004.0
=008  900530s1918\\\\au\\\\\\\\\\\\000\0\ger\d
=003  UIUdb
=035  \\$a(OCoLC)ocm43887941
=040  \\$aNYP$cNYP$dUIU
=035  \\$9AQB-6204
=035  \\$9UC 11093923
=049  \\$aUIUU
=100  1\$aSchwiedland, Eugen P.,$d1863-
=245  14$aDer Handel ...
=250  \\$a4. ed.
=260  \\$aWien :$bManz,$c1918.
=300  \\$a40 p.$c8vo.
=500  \\$a"Die vorliegende Schrift erscheint in ihren weiteren Auflagen in der Volkswirtschaftslehre des Verfassers ... im nämlichen Verlag."
=650  \4$aCommerce$xOrganization.
=910  \\$arcp2430
=994  \\$a02$bUIU
=910  \\$aMARS
=955  \\$bark:/13960/t4sj7pq1c$qderhandel00schw
=852  8\$beresour-nc$hOnline Resource$t1
=856  41$3Full text - HathiTrust Digital Library$uhttps://hdl.handle.net/2027/uiuo.ark:/13960/t4sj7pq1c

