=LDR  00765cam a2200253K  4500
=001  1938647
=005  20030810112921.0
=008  900530s1897\\\\gw\a\\\\\\\\\\000\0\ger\d
=003  UIUdb
=035  \\$a(OCoLC)ocm17017406
=040  \\$aCRL$cCRL$dUIU
=035  \\$9APG-6875
=035  \\$9UC 04077885
=049  \\$aUIUU
=100  1\$aBusley, C.
=245  14$aDer Kampf um dem Östasiatischen Handel.$bVortrag.
=260  \\$a[Berlin :$bDruck von Trowitzsch & Sohn,$c1897]
=300  \\$a196-244 p.$billus.
=910  \\$arcp0400
=994  \\$a02$bUIU
=910  \\$aMARS
=955  \\$bark:/13960/t6548xn5h$qderkampfumdemost00busl
=852  8\$beresour-nc$hOnline Resource$t1
=856  41$3Full text - HathiTrust Digital Library$uhttps://hdl.handle.net/2027/uiuo.ark:/13960/t6548xn5h

