=LDR  00917cam a2200301I  4500
=001  2009454
=005  20030806070546.0
=008  900530s1919\\\\gw\\\\\\\\\\\\000\0\ger\d
=003  UIUdb
=035  \\$a(OCoLC)ocm07310103
=040  \\$aRETROCON/NYGG (ZYU)$cZYU$dOCL$dUIU
=035  \\$9APO-0186
=035  \\$9UC 08035016
=090  \\$aBX1534$b.H4
=049  \\$aUIUU
=100  1\$aHefele, Herman,$d1885-1936.
=245  14$aDer katholizismus in Deutschland.
=260  \\$aDarmstadt :$bO. Reichl,$c1919.
=300  \\$a59 p.$c19 cm.
=490  0\$aReichls deutsche schriften,$v10
=651  \0$aGermany$xReligion.
=610  20$aCatholic Church$zGermany.
=910  \\$arcp3596
=994  \\$a02$bUIU
=910  \\$aMARS
=955  \\$bark:/13960/t8md54p07$qderkatholizismus00hefe
=852  8\$beresour-nc$hOnline Resource$t1
=856  41$3Full text - HathiTrust Digital Library$uhttps://hdl.handle.net/2027/uiuo.ark:/13960/t8md54p07

