=LDR  00680nam a2200205 i 4500
=001  383301
=005  20020415161457.0
=008  800326s1917\\\\gw\\\\\\\\\\\\00010\ger\d
=003  UIUdb
=035  \\$a(OCoLC)ocm06128072
=035  \\$9ABO-7911
=040  \\$aUIU$cUIU
=100  10$aSchumacher, Hermann.
=245  14$aDer Reis in der Weltwirtschaft /$cvon Hermann Schumacher.
=260  0\$aMünchen :$bDuncker & Humbolt,$c1917.
=300  \\$aviii, 145 p. ;$c24 cm.
=650  \0$aRice trade
=955  \\$bark:/13960/t8qc67f09$qderreisinderwelt00schu
=852  8\$beresour-nc$hOnline Resource$t1
=856  41$3Full text - HathiTrust Digital Library$uhttps://hdl.handle.net/2027/uiuo.ark:/13960/t8qc67f09

