=LDR  00897cam a22002537  4500
=001  2650989
=005  20071206224012.0
=008  900530s1868\\\\gw\\\\\\\\\\\\000\0\ger\d
=003  UIUdb
=035  \\$a(OCoLC)ocm60420472
=035  \\$9ASB-1636
=035  \\$9UC 05046736
=035  \\$a(CStRLIN)MAHGAZJ90994-B
=040  \\$aMH$cMH$dCStRLIN
=100  1\$aDelius, Nikolaus,$d1813-1888.
=245  14$aDer sardinische Dialekt des dreizehnten Jahrhunderts.
=260  \\$a[Bonnae :$bC. Georgi,$c1868]
=300  \\$a[24 p.] ;$ccm.
=500  \\$a[Caption title.]
=500  \\$a[Cover: Ad audiendam orationem de falsarüs Shakspereanis ad munus professorisordinarii ...]
=987  \\$amissing$bmatch points
=955  \\$bark:/13960/t6160ss33$qdersardinischedi00deli
=852  8\$beresour-nc$hOnline Resource$t1
=856  41$3Full text - HathiTrust Digital Library$uhttps://hdl.handle.net/2027/uiuo.ark:/13960/t6160ss33

