=LDR  00967cam a22002891  4500
=001  2462239
=005  20071205221819.0
=008  900530s1917\\\\gw\\\\\\\\\\\\\\\\\\ger\u
=003  UIUdb
=035  \\$a(OCoLC)ocm77299772
=035  \\$9ARH-8817
=035  \\$9UC 00010586
=035  \\$auil00069433
=040  \\$dUtOrBLW
=100  1\$aStrafella, Franz George.
=245  14$aDer sozial primitive :$bDie hilfsmittel des verbrechers und das primitive an ihm.
=260  \\$aLeipzig,$c1917.
=300  \\$a80 p. ;$ccm.
=440  \0$aArchiv für kriminologie ;$vband 68, 1 heft.
=650  \0$aCrime and criminals.
=650  \0$aDefective and delinquent classes.
=911  \\$1m$2ARH-8817$3UC 00010586$47/14/2004 16:47:58$a132 ST81S
=913  \\$19037
=910  \\$aMARS
=955  \\$bark:/13960/t4km5h98c$qdersozialprimiti00stra
=852  8\$beresour-nc$hOnline Resource$t1
=856  41$3Full text - HathiTrust Digital Library$uhttps://hdl.handle.net/2027/uiuo.ark:/13960/t4km5h98c

