=LDR  00712cam a2200253K  4500
=001  2748384
=005  20080224183306.0
=008  900530s1887\\\\xx\\\\\\\\\\\\000\0\ger\d
=003  UIUdb
=035  \\$a(OCoLC)ocm13319628
=040  \\$aJFS$cJFS$dOCLCQ
=035  \\$9uc 14039135
=035  \\$9ASK-9604
=092  \\$a831$bS334t
=049  \\$aUIUU
=100  1\$aSchiller, Friedrich,$d1759-1805.
=245  14$aDer Taucher.
=260  \\$bD.C. Heath,$c1887.
=300  \\$a75 p.
=699  \9$a833S33OT.V
=994  \\$a92$bUIU
=955  \\$bark:/13960/t6vx6k958$qdertaucher00schi
=852  8\$beresour-nc$hOnline Resource$t1
=856  41$3Full text - HathiTrust Digital Library$uhttps://hdl.handle.net/2027/uiuo.ark:/13960/t6vx6k958

