=LDR  00764nam a2200205 a 4500
=001  3516500
=005  20020415165118.0
=008  930812s1850\\\\fr\\\\\\\\\\\\000\0\fre\d
=003  UIUdb
=035  \\$a(OCoLC)ocm28620377
=035  \\$9AXB-5546
=040  \\$aUIU$cUIU
=100  1\$aThomas, Émile,
=245  00$aDes conditions vraies de la science économique :$bappliquées spécialment a la théorie de la rente et au principe de population /$cpar Emile Thomas.
=260  \\$aParis :$bGuillaumin et Cie,$c1850.
=300  \\$a84 p. ;$c23 cm.
=650  \0$aEconomics.
=955  \\$bark:/13960/t9286jk24$qdesconditionsvra00thom
=852  8\$beresour-nc$hOnline Resource$t1
=856  41$3Full text - HathiTrust Digital Library$uhttps://hdl.handle.net/2027/uiuo.ark:/13960/t9286jk24

