=LDR  01014cam a2200325M  4500
=001  3254808
=005  20030819200257.0
=008  900530s1920\\\\dcu\\\\\\\\\\\000\0\eng\\
=003  UIUdb
=010  \\$a   20009668 
=035  \\$a(OCoLC)ocm29119079
=040  \\$aDLC$cMNU$dOCLCQ$dUIU
=035  \\$9AUV-8752
=035  \\$9UC 06067893
=043  \\$an-us-fl
=050  0\$aQ11$b.U55 vol. 56
=051  \\$cCopy 2.
=049  \\$aUIUU
=100  1\$aHay, Oliver Perry,$d1846-1930.
=245  10$aDescriptions of some mammalian and fish remains from Florida of probably Pleistocene age.
=260  \\$aWashington,$c1920.
=300  \\$ap. 103-112. pl. 26-28 on 2 l.$c24 cm.
=650  \0$aPaleontology$zFlorida.
=650  \0$aPaleontology$yPleistocene.
=910  \\$arcp3024
=994  \\$a02$bUIU
=910  \\$aMARS
=955  \\$bark:/13960/t3wt4wc9h$qdescriptionsofso00hayo
=852  8\$beresour-nc$hOnline Resource$t1
=856  41$3Full text - HathiTrust Digital Library$uhttps://hdl.handle.net/2027/uiuo.ark:/13960/t3wt4wc9h

