=LDR  01020cam a22002771  4500
=001  3262688
=005  20080123225508.0
=008  900530s1843\\\\fr\\\\\\\\\\\\\\\\\\fre\u
=003  UIUdb
=035  \\$a(OCoLC)ocm77342176
=035  \\$9AUW-6654
=035  \\$9UC 12096845
=035  \\$a(UtOrBLW)bslw00905726
=040  \\$aUtOrBLW$cUtOrBLW
=100  1\$aBartholony, François,$d1796-1881.
=245  10$aDeuxième lettre a un député :$bObservations sur l'execution de la loi du juin 1842, relativement a l'établissement des grandes lignes de chemins de fer.
=260  \\$aParis,$c1843.
=300  \\$a94 p. ;$ccm.
=650  \0$aRailroads$zFrance$xFinance.
=650  \0$aRailroads$zEarly works to 1850.
=911  \\$1m$2AUW-6654$3UC 12096845$46/14/2004 17:49:52$a385.23 B28D
=913  \\$125584
=910  \\$aMARS
=955  \\$bark:/13960/t2w43zk61$qdeuxiemelettreun00bart
=852  8\$beresour-nc$hOnline Resource$t1
=856  41$3Full text - HathiTrust Digital Library$uhttps://hdl.handle.net/2027/uiuo.ark:/13960/t2w43zk61

