=LDR  00913cam a22002771  4500
=001  3254495
=005  20071206230513.0
=008  900530r19121912xx\\\\\\\\\\\\\\\\\\eng\u
=003  UIUdb
=035  \\$a(OCoLC)ocm77341607
=035  \\$9AUV-8439
=035  \\$9UC 06030983
=035  \\$auil00031496
=040  \\$dUtOrBLW
=100  1\$aBarrett, James Theophilus.
=245  14$aThe development of blastocladia strangulata, n. sp.
=260  \\$a[S.l.],$c1912.
=300  \\$ap. 353-371, plates ;$ccm.
=500  \\$aReprint from The botanical gazette, vol. 54, no. 5, Nov. 1912.
=650  \0$aBlastocladia.
=911  \\$1m$2AUV-8439$3UC 06030983$46/14/2004 17:34:37$a589.2 B26D
=913  \\$125946
=910  \\$aMARS
=955  \\$bark:/13960/t1mh3tj8x$qdevelopmentofbla00barr
=852  8\$beresour-nc$hOnline Resource$t1
=856  41$3Full text - HathiTrust Digital Library$uhttps://hdl.handle.net/2027/uiuo.ark:/13960/t1mh3tj8x

