=LDR  01250cam a2200337Ii 4500
=001  3258218
=005  20170721083342.0
=008  900530s1912\\\\gw\\\\\\\\\\\\000\0\ger\d
=003  UIUdb
=035  \\$a(OCoLC)ocm02481375
=040  \\$aGUA$beng$cGUA$dOCLCG$dGBVCP$dOCLCQ$dOCLCF$dOCLCQ$dOCLCO$dOCLCA
=050  \4$aPN85$b.M370
=084  \\$a24$2ssgn
=049  \\$aUIUU
=100  1\$aMaync, Harry,$d1874-1947.
=245  10$aDichtung und Kritik :$beine Rechtfertigung der Literaturwissenschaft /$cvon Dr. Harry Maync.
=260  \\$aMünchen :$bC.H. Beck,$c1912.
=300  \\$a59 pages ;$c19 cm
=336  \\$atext$btxt$2rdacontent
=337  \\$aunmediated$bn$2rdamedia
=338  \\$avolume$bnc$2rdacarrier
=530  \\$aAlso issued online.
=650  \0$aCriticism.
=650  \0$aLiterature.
=650  \7$aCriticism.$2fast$0(OCoLC)fst00883735
=650  \7$aLiterature.$2fast$0(OCoLC)fst00999953
=776  08$iOnline version:$aMaync, Harry, 1874-1947.$tDichtung und Kritik.$dMünchen : C.H. Beck, 1912$w(OCoLC)636116915
=994  \\$aC0$bUIU
=955  \\$bark:/13960/t9v187w1f$qdichtungundkriti00mayn
=852  8\$beresour-nc$hOnline Resource$t1
=856  41$3Full text - HathiTrust Digital Library$uhttps://hdl.handle.net/2027/uiuo.ark:/13960/t9v187w1f

