=LDR  00876cam a2200265K  4500
=001  2972843
=005  20080103154213.0
=008  900530s1914\\\\gw\af\\\\\\\\\000\0\ger\d
=003  UIUdb
=035  \\$a(OCoLC)ocm36700571
=040  \\$aZT8$bfre$cZT8$dUIU
=035  \\$9ATJ-4624
=035  \\$9UC 06097441
=049  \\$aUIUU
=100  1\$aLesser, Arthur,$cTierarzt.
=245  14$aDie Akkommodation der Ringelnatter.$cMit 2 (a.d. Umschl.: 6) Abb.
=260  \\$aGotha :$bF.A. Perthes,$c1914.
=300  \\$a36 p.;$b4 tables,$c22 cm.
=502  \\$aLeipzig, Veterinär-med. Diss. v. 14. März 1914, Ref. Ellenberger.
=910  \\$arcp2404
=994  \\$a02$bUIU
=910  \\$aMARS
=955  \\$bark:/13960/t1jh9rt9t$qdieakkommodation00less
=852  8\$beresour-nc$hOnline Resource$t1
=856  41$3Full text - HathiTrust Digital Library$uhttps://hdl.handle.net/2027/uiuo.ark:/13960/t1jh9rt9t

