=LDR  00778cam a2200265K  4500
=001  2949496
=005  20030806142249.0
=008  900530s1911\\\\gw\\\\\\\m\\\\000\0\ger\d
=003  UIUdb
=035  \\$a(OCoLC)ocm46800877
=040  \\$aYUS$cYUS$dUIU
=035  \\$9ATF-4073
=035  \\$9UC 17035607
=049  \\$aUIUU
=100  1\$aLeonhardy, Heinrich,$d1886-
=245  14$aDie Anfänge des Eisenbahnwesens in Bayern ...
=260  \\$aNürnberg,$c1911.
=300  \\$a[1 v.]
=502  \\$aInaug. Diss.--Erlangen.
=910  \\$arcp2268
=994  \\$a02$bUIU
=910  \\$aMARS
=955  \\$bark:/13960/t38119n21$qdieanfangedeseis00leon
=852  8\$beresour-nc$hOnline Resource$t1
=856  41$3Full text - HathiTrust Digital Library$uhttps://hdl.handle.net/2027/uiuo.ark:/13960/t38119n21

