=LDR  00928cam a2200289K  4500
=001  2943914
=005  20030807190459.0
=008  900530s1911\\\\gw\\\\\\\m\\\\000\0\ger\d
=003  UIUdb
=035  \\$a(OCoLC)ocm43886323
=040  \\$aNYP$cNYP$dUIU
=035  \\$9ATE-8477
=035  \\$9UC 12009950
=049  \\$aUIUU
=100  1\$aNintschitsch, Velizar A.
=245  14$aDie Anordnung der Handelsbeziehungen zwischen Deutschland und Serbien.
=260  \\$aLeipzig :$bR. Guthe,$c1911.
=300  \\$a67 (1) p.$c8vo.
=502  \\$aDissertation--Erlangen.
=650  \4$aCommerce$xTreaties, Germany and Servia.
=650  \4$aCommerce$xTreaties, Servia and Germany.
=910  \\$arcp2763
=994  \\$a02$bUIU
=910  \\$aMARS
=955  \\$bark:/13960/t73v5sf5x$qdieanordnungderh00nint
=852  8\$beresour-nc$hOnline Resource$t1
=856  41$3Full text - HathiTrust Digital Library$uhttps://hdl.handle.net/2027/uiuo.ark:/13960/t73v5sf5x

