=LDR  01172cam a22002651  4500
=001  2949692
=005  20080128000322.0
=008  900530s1910\\\\gw\h\\\\\\\\\\000\0\ger\d
=003  UIUdb
=035  \\$a(OCoLC)ocm11793073
=035  \\$9ATF-4269
=035  \\$9UC 17054932
=035  \\$a(CStRLIN)CTYADFN2266-B
=040  \\$aDRB$cDRB$dYUS$dWaOLN
=110  1\$aJerusalem (Latin Kingdom, 1099-1244)
=245  14$aDie assisen von Jerusalem nach der Handschrift München cod. gall. no 51.$bDiplomatischer Abdruck mit deutscher Übersetzung, Einleitung, Glossar und zwei Handschriftproben /$cvon ... Heinrich Ludwig Zeller.
=260  \\$aBerlin :$bin Kommission bei R.L. Prager,$c1910.
=300  \\$a3 p. l., 30, [1] p. :$bfront. (2 facsims.) ;$c25 cm.
=490  0\$aSammlung älterer Seerechtsquellen ...$aMittelalter ;$v2. Abt. ;$vHft. 4
=650  \0$aMaritime law$zJerusalem (Latin Kingdom)
=700  1\$aZeller, Heinrich Ludwig,$d1875-
=987  \\$amissing$bmatch points
=955  \\$bark:/13960/t89h1vk9n$qdieassisenvonjer00jeru
=852  8\$beresour-nc$hOnline Resource$t1
=856  41$3Full text - HathiTrust Digital Library$uhttps://hdl.handle.net/2027/uiuo.ark:/13960/t89h1vk9n

