=LDR  01022cam a2200301Ii 4500
=001  2966135
=005  20030803100410.0
=008  900530s1919\\\\gw\af\\\\\\\\\000\0\ger\d
=003  UIUdb
=035  \\$a(OCoLC)ocm05574216
=040  \\$aKAT$cKAT$dUIU
=035  \\$9ATH-4103
=035  \\$9UC 15031370
=090  \\$aDS70.7$b.W5
=049  \\$aUIUU
=100  1\$aWinckler, Hugo,$d1863-1913.
=245  14$aDie babylonische Geisteskultur :$bin ihren Beziehungen zur Kulturentwicklung der Menschheit /$cvon Hugo Winckler.
=250  \\$a2. undveränderte Aufl.
=260  \\$aLeipzig :$bQuelle & Meyer,$c1919.
=300  \\$a138 p., [1] leaf of plates :$bill. ;$c19 cm.
=440  \0$aWissenschaft und Bildung ;$v15
=650  \0$aCivilization, Assyro-Babylonian.
=910  \\$arcp1326
=994  \\$a02$bUIU
=910  \\$aMARS
=955  \\$bark:/13960/t8fg00630$qdiebabylonischeg00winc
=852  8\$beresour-nc$hOnline Resource$t1
=856  41$3Full text - HathiTrust Digital Library$uhttps://hdl.handle.net/2027/uiuo.ark:/13960/t8fg00630

