=LDR  00948cam a2200289K  4500
=001  2511994
=005  20080211203151.0
=008  900530s1911\\\\gw\\\\\\\bm\\\000\0\ger\d
=003  UIUdb
=035  \\$a(OCoLC)ocm43886251
=040  \\$aNYP$cNYP$dOCLCQ
=988  \\$9uc 01060224
=035  \\$9uc 01060224
=035  \\$9ARM-9179
=049  \\$aUIUU
=100  1\$aBaeumer, Franz Josef Hermann.
=245  14$aDie Besteuerung der Gesellschaften mit beschr. Haftung in Deutschland.
=260  \\$aOsnabrück,$bOsnabrücker Volkszeitung,$c1911.
=300  \\$a72 p.$c12mo.
=502  \\$aThesis--Erlangen.
=504  \\$aBibliography, p. 70.
=650  \4$aCompanies (Limited liability)$xTaxation, Germany.
=699  \9$a338.7B327B
=994  \\$a92$bUIU
=955  \\$bark:/13960/t5bd06415$qdiebesteuerungde00baeu
=852  8\$beresour-nc$hOnline Resource$t1
=856  41$3Full text - HathiTrust Digital Library$uhttps://hdl.handle.net/2027/uiuo.ark:/13960/t5bd06415

