=LDR  00871cam a22002771  4500
=001  3246553
=005  20071205222203.0
=008  900530s188u\\\\wiu\\\\\\\\\\\\\\\\\ger\u
=003  UIUdb
=035  \\$a(OCoLC)ocm77341088
=035  \\$9AUV-0477
=035  \\$9UC 00026883
=035  \\$ashi00006859
=040  \\$dUtOrBLW
=100  1\$aBoppe, C. Hermann.
=245  14$aDie demokratische republik im gegensatze zu communismus und anarchismus.
=260  \\$aMilwaukee, Wis.,$c[188-?]
=300  \\$a19 p. ;$ccm.
=650  \0$aDemocracy.
=650  \0$aCommunism.
=650  \0$aAnarchy.
=911  \\$a321.4 B64D$1m$2AUV-0477$3UC 00026883$43/16/2004 9:32:45
=910  \\$aMARS
=955  \\$bark:/13960/t7fr6386b$qdiedemokratische00bopp
=852  8\$beresour-nc$hOnline Resource$t1
=856  41$3Full text - HathiTrust Digital Library$uhttps://hdl.handle.net/2027/uiuo.ark:/13960/t7fr6386b

