=LDR  00915cam a22002771  4500
=001  2604105
=005  20080123232629.0
=008  900530s1921\\\\gw\\\\\\\\\\\\\\\\\\ger\u
=003  UIUdb
=035  \\$a(OCoLC)ocm72694678
=035  \\$9ARW-4462
=035  \\$9UC 14033132
=035  \\$ashi00012755
=040  \\$dUtOrBLW
=100  1\$aRheinstrom, Heinrich.
=245  14$aDie direkten reichsteuern.
=260  \\$aLeipzig,$c1921.
=300  \\$a116 p. ;$ccm.
=440  \0$aGloeckners handels-bückerei / hrsg. von professor Adolf Ziegler ;$vbd. 75
=651  \0$aGermany$xLaws, statutes, etc.
=651  \0$aGermany$xTaxation.
=911  \\$a336.21 R469D$1m$2ARW-4462$3UC 14033132$44/5/2004 18:28:12
=910  \\$aMARS
=955  \\$bark:/13960/t2t49ww2z$qdiedirektenreich00rhei
=852  8\$beresour-nc$hOnline Resource$t1
=856  41$3Full text - HathiTrust Digital Library$uhttps://hdl.handle.net/2027/uiuo.ark:/13960/t2t49ww2z

