=LDR  00898cam a2200265K  4500
=001  3467381
=005  20030802111703.0
=008  930403s1904\\\\gw\\\\\\\\\\\\000\0\ger\d
=003  UIUdb
=035  \\$a(OCoLC)ocm36828015
=040  \\$aZT8$bfre$cZT8$dUIU
=035  \\$9AWR-6942
=035  \\$9UC 06001951
=049  \\$aUIUU
=100  1\$aAuerbach, Max.
=245  14$aDie Dotterumwachsung und Embryonalanlage vom Gangfisch und der Äsche im Vergleich zu denselben Vorgängen bei der Forelle.
=260  \\$aKarlsruhe :$bG. Braunsche Holfbuchdr.,$c1904.
=300  \\$a1 v.$c8vo.
=502  \\$aHabilitationsschrift ... von Max Auerbach.
=910  \\$arcp2404
=994  \\$a02$bUIU
=910  \\$aMARS
=955  \\$bark:/13960/t9480jm1f$qdiedotterumwachs00auer
=852  8\$beresour-nc$hOnline Resource$t1
=856  41$3Full text - HathiTrust Digital Library$uhttps://hdl.handle.net/2027/uiuo.ark:/13960/t9480jm1f

