=LDR  00981cam a2200289K  4500
=001  2537749
=005  20030804084815.0
=008  900530s1909\\\\gw\\\\\\\b\\\\000\0\ger\d
=003  UIUdb
=035  \\$a(OCoLC)ocm42449253
=040  \\$aZCU$cZCU$dUIU
=035  \\$9ARP-7060
=035  \\$9UC 13000474
=049  \\$aUIUU
=100  1\$aMoser, Eugen Otto,$d1884-
=245  14$aDie enkel Winkelrieds;$bepische dichtung,$cvon Salomon Tobler; eine literarhistorische untersuchung ... von Eugen Otto Moser ...
=260  \\$aMaennedorf :$bE. Meyer,$c1909.
=300  \\$a93 [1] p.$c22 cm.
=504  \\$aBibliography: p. [3]-5.
=502  \\$aThesis--Tübingen.
=600  10$aTobler, Salomon,$d1794-1875.$tEnkel Winkelrieds.
=910  \\$arcp3254
=994  \\$a02$bUIU
=910  \\$aMARS
=955  \\$bark:/13960/t1gj5q199$qdieenkelwinkelri00mose
=852  8\$beresour-nc$hOnline Resource$t1
=856  41$3Full text - HathiTrust Digital Library$uhttps://hdl.handle.net/2027/uiuo.ark:/13960/t1gj5q199

