=LDR  01019cam a2200277M  4500
=001  2587874
=005  20170715201456.0
=008  900530s1914\\\\pl\\\\\\\bm\\\000\0\ger\d
=003  UIUdb
=035  \\$a(OCoLC)ocm24805736
=040  \\$aZCU$beng$cZCU$dOCLCQ
=049  \\$aUIUU
=100  1\$aPfefferkorn, Arthur,$d1872-
=245  14$aDie Entwickelung des lateinischen Unterrichts am preussischen Kadettenkorps;$bInaugural-Dissertation ...$cvorgelegt von Arthur Pfefferkorn ...
=260  \\$aBromberg,$bKrahl,$c1914.
=300  \\$a107 pages$c23 cm
=336  \\$atext$btxt$2rdacontent
=337  \\$aunmediated$bn$2rdamedia
=338  \\$avolume$bnc$2rdacarrier
=502  \\$cErlangen$d1914
=504  \\$aIncludes bibliographical references (pages 105-106).
=945  \\$aLBD data change$b07/14/2017
=994  \\$a92$bUIU
=955  \\$bark:/13960/t1rg1zb43$qdieentwickelungd00pfef
=852  8\$beresour-nc$hOnline Resource$t1
=856  41$3Full text - HathiTrust Digital Library$uhttps://hdl.handle.net/2027/uiuo.ark:/13960/t1rg1zb43

