=LDR  01028cam a2200301I  4500
=001  2602624
=005  20030806045525.0
=008  900530s1921\\\\gw\\\\\\\b\\\\000\0\ger\\
=003  UIUdb
=010  \\$a   22005443 
=035  \\$a(OCoLC)ocm19113459
=040  \\$aDLC$cWAU$dWAU$dOCL$dUIU
=035  \\$9ARW-2981
=035  \\$9UC 12056742
=050  0\$aHF3568.R9$bL4
=049  \\$aUIUU
=245  04$aDie Entwicklung der deutsch-russischen Handelsbeziehungen,$cvon Dr. Ludwig Lehrfreund; mit einem Vorwort von M. Busemann ...
=260  \\$aLeipzig :$bCarnegie-verlag F. Bitterling,$c1921.
=300  \\$a105 p.$b25 cm.
=504  \\$a"Literaturangaben": p. [102]-105.
=651  \0$aGermany$xCommerce$zSoviet Union.
=651  \0$aSoviet Union$xCommerce$zGermany.
=910  \\$arcp3211
=994  \\$a02$bUIU
=910  \\$aMARS
=955  \\$bark:/13960/t6840138x$qdieentwicklungde00unse_0
=852  8\$beresour-nc$hOnline Resource$t1
=856  41$3Full text - HathiTrust Digital Library$uhttps://hdl.handle.net/2027/uiuo.ark:/13960/t6840138x

