=LDR  00906cam a2200277M  4500
=001  2584942
=005  20080131075810.0
=008  900530s1879\\\\pl\\\\\\\\\\\\000\0\ger\d
=003  UIUdb
=035  \\$a(OCoLC)ocm23636237
=040  \\$aEYM$cEYM
=035  \\$9ARU-5257
=035  \\$9UC 00047881
=050  \4$aB 2799$b.L83 S8
=049  \\$aUIUU
=100  1\$aSteckelmacher, M.$q(Moritz),$db. 1851.
=245  14$aDie formale logik Kants in ihren beziehungen zur transcendentalen. ...
=260  \\$a[Hirschberg,$bActien-gesellschaft,$c1879]
=300  \\$a2 p. l., 29, [3] p.$c22 1/2cm.
=500  \\$aVita.
=502  \\$aInaug.-diss.--Breslau.
=600  10$aKant, Immanuel,$d1724-1804.
=994  \\$a92$bUIU
=955  \\$bark:/13960/t88h4ts0d$qdieformalelogikk00stec
=852  8\$beresour-nc$hOnline Resource$t1
=856  41$3Full text - HathiTrust Digital Library$uhttps://hdl.handle.net/2027/uiuo.ark:/13960/t88h4ts0d

