=LDR  01011cam a22002891i 4500
=001  2134209
=005  20071129222713.0
=008  900530s1910\\\\sz\\\\\\\b\\\\000\0\ger\u
=003  UIUdb
=035  \\$a(OCoLC)ocm53087133
=035  \\$9AQA-5716
=035  \\$9UC 04003109
=035  \\$a(CStRLIN)CTYL2958430-B
=040  \\$dUtOrBLW
=100  1\$aSchacht, W.
=245  14$aDie gesetzlichen beschränkungen des grundeigentums nach dem in kanton Bern geltenden rechte .
=260  \\$aInterlaken :$bH. Balmer,$c1910.
=300  \\$a75 p. ;$c23 cm.
=502  \\$aDissertation--Bern.
=504  \\$a"Literatur": 2nd preliminary leaf.
=650  \0$aReal property$zSwitzerland$zBern (Canton)
=911  \\$a333 SCH11G$1m$2AQA-5716$3UC 04003109$44/7/2004 12:02:08
=987  \\$amissing$bmatch points
=910  \\$aMARS
=955  \\$bark:/13960/t9577n63w$qdiegesetzlichenb00scha
=852  8\$beresour-nc$hOnline Resource$t1
=856  41$3Full text - HathiTrust Digital Library$uhttps://hdl.handle.net/2027/uiuo.ark:/13960/t9577n63w

