=LDR  01090cam a2200265Ma 4500
=001  2131510
=005  20170715201701.0
=008  900530s1909\\\\xx\\\\\\\m\\\\000\0\ger\d
=003  UIUdb
=035  \\$a(OCoLC)ocn244953118
=040  \\$aPAU$beng$cPAU$dOCLCQ$dOCLCO$dOCLCA$dOCLCQ
=049  \\$aUIUU
=100  1\$aMöslein, Paul,$d1882-
=245  14$aDie Gewerbegesetzgebung der Thüringer Herzogtümer im 19. Jahrhundert bis zur Einführung der Gewerbefreiheit /$cvorgelegt von Paul Möslein.
=260  \\$a[Place of publication not identified] :$bP. Möslein,$c1909.$e(Weimar :$fDruck der Hof-Buchdruckerei)
=300  \\$a93 pages ;$c22 cm
=336  \\$atext$btxt$2rdacontent
=337  \\$aunmediated$bn$2rdamedia
=338  \\$avolume$bnc$2rdacarrier
=502  \\$bdoctoral$cFriedrich-Alexanders-Universität Erlangen
=945  \\$aLBD data change$b07/14/2017
=994  \\$a92$bUIU
=955  \\$bark:/13960/t5gb89p6k$qdiegewerbegesetz00mosl
=852  8\$beresour-nc$hOnline Resource$t1
=856  41$3Full text - HathiTrust Digital Library$uhttps://hdl.handle.net/2027/uiuo.ark:/13960/t5gb89p6k

