=LDR  00910cam a2200289Ia 4500
=001  2065660
=005  20030731163914.0
=008  900530s1878\\\\gw\\\\\\\\\\\\000\0\ger\d
=003  UIUdb
=035  \\$a(OCoLC)ocm49545582
=040  \\$aEMT$cEMT$dUIU
=035  \\$9APT-6828
=035  \\$9UC 00067578
=049  \\$aUIUU
=100  1\$aLipsius, Richard Adelbert,$d1830-1892.
=245  14$aDie göttliche Weltregierung :$bein Vortrag /$cvon R. A. Lipsius.
=260  \\$aFrankfurt am Main :$bMoritz Diesterweg,$c1878.
=300  \\$a21 p. ;$c22 cm.
=500  \\$aCover title.
=650  \0$aProvidence and government of God.
=650  \0$aTheodicy.
=910  \\$arcp2082
=994  \\$a02$bUIU
=910  \\$aMARS
=955  \\$bark:/13960/t9r27547p$qdiegottlichewelt00lips
=852  8\$beresour-nc$hOnline Resource$t1
=856  41$3Full text - HathiTrust Digital Library$uhttps://hdl.handle.net/2027/uiuo.ark:/13960/t9r27547p

