=LDR  00910cam a2200277K  4500
=001  2032384
=005  20030801044914.0
=008  900530s1914\\\\gw\\\\\\\b\\\\000\0\ger\d
=003  UIUdb
=035  \\$a(OCoLC)ocm22660099
=040  \\$aZCU$cZCU$dOCLCQ$dUIU
=035  \\$9APQ-3290
=035  \\$9UC 00048184
=049  \\$aUIUU
=100  1\$aBohner, Hermann,$d1884-
=245  14$aDie Grundlage der Lotzeschen Religionsphilosophie;$bInaugural-Dissertation ...$cvorgelegt von Hermann Bohner ...
=260  \\$aBorna-Leipzig :$bNoske,$c1914.
=300  \\$aix, 61 p.$c23 cm.
=502  \\$aThesis--Erlangen, 1914.
=504  \\$aBibliography: p. vii-ix.
=910  \\$arcp3697
=994  \\$a02$bUIU
=910  \\$aMARS
=955  \\$bark:/13960/t58d6458t$qdiegrundlagederl00bohn
=852  8\$beresour-nc$hOnline Resource$t1
=856  41$3Full text - HathiTrust Digital Library$uhttps://hdl.handle.net/2027/uiuo.ark:/13960/t58d6458t

