=LDR  00837cam a2200265K  4500
=001  2150861
=005  20030806142305.0
=008  900530s1914\\\\gw\\\\\\\\\\\\000\0\ger\d
=003  UIUdb
=035  \\$a(OCoLC)ocm34572344
=040  \\$aZT9$bfre$cZT9$dUIU
=035  \\$9AQC-2403
=035  \\$9UC 17035601
=049  \\$aUIUU
=100  1\$aLehmann, Walter,$cReferendar.
=245  14$aDie Grundzüge des Eisenbahnpolizeirechts im Königreich Sachsen.
=260  \\$aLeipzig :$bMerserburger,$c1914.
=300  \\$a63 S.$c8vo.
=502  \\$aLeipzig, Jur. Diss. v. 30. Juni 1914.
=910  \\$arcp2268
=994  \\$a02$bUIU
=910  \\$aMARS
=955  \\$bark:/13960/t5hb5bk79$qdiegrundzugedese00lehm
=852  8\$beresour-nc$hOnline Resource$t1
=856  41$3Full text - HathiTrust Digital Library$uhttps://hdl.handle.net/2027/uiuo.ark:/13960/t5hb5bk79

