=LDR  01141cam a2200349M  4500
=001  1932900
=005  20080101164427.0
=008  900530s1911\\\\gw\\\\\\\m\\\\000\0\ger\d
=003  UIUdb
=035  \\$a(OCoLC)ocm28098607
=040  \\$aJHE$cJHE$dOCLCQ$dNLGGC
=029  1\$aNLGGC$b163784272
=035  \\$9uc 00029019
=035  \\$9APG-1114
=084  \\$a15.70$2bcl
=049  \\$aUIUU
=100  1\$aRothert, Wilhelm,$d1885-1915.
=245  14$aDie innere Kolonisation der Provinz Hannover.
=260  \\$aLeipzig,$bHoffmann,$c1911.
=300  \\$a143 S.$c8 vo.
=440  \0$a[History,$v476]
=502  \\$aHeidelberg, Phil. Diss. v. 2. Mai 1911, Ref. Gothein.
=650  \0$aAgricultural colonies$zHanover (Province)
=650  \0$aAgriculture$xEconomic aspects$zHanover (Province)
=650  17$aKolonisatie.$2gtt
=650  17$aEconomische ontwikkeling.$2gtt
=651  \7$a4.415.$2gtt
=699  \9$a325.4353R74I
=994  \\$a92$bUIU
=955  \\$bark:/13960/t0tr24b16$qdieinnerekolonis00roth
=852  8\$beresour-nc$hOnline Resource$t1
=856  41$3Full text - HathiTrust Digital Library$uhttps://hdl.handle.net/2027/uiuo.ark:/13960/t0tr24b16

