=LDR  00915cam a2200241M  4500
=001  2224834
=005  20100520200633.0
=008  900530s1909\\\\gw\\\\\\\\\\\\000\0\ger\d
=003  UIUdb
=035  \\$a(OCoLC)ocm77218855
=040  \\$aUIU$cUIU$dOCLCG$dUIU
=092  \\$a193$bH78k
=049  \\$aUIUU
=100  1\$aHorneffer, Ernst,$db. 1871.
=245  14$aDie künftige religion /$cErnst Horneffer
=260  \\$aLeipzig :$bW. Klinkhardt,$c1909.
=300  \\$a[ii], 149 p. ;$c23 cm.
=505  0\$aNietzsche und die Philosophie der Gegenwart -- Kirchliche oder persönliche Religion -- Der Mensch als Schöpfer, die Religion des neuen Heidentums.
=650  \0$aPhilosophy, German$y20th century.
=994  \\$a02$bUIU
=955  \\$bark:/13960/t0rr82693$qdiekunftigerelig00horn
=852  8\$beresour-nc$hOnline Resource$t1
=856  41$3Full text - HathiTrust Digital Library$uhttps://hdl.handle.net/2027/uiuo.ark:/13960/t0rr82693

