=LDR  01166cam a2200313I  4500
=001  2166196
=005  20030721110727.0
=008  900530s1893\\\\au\\\\\\\\\\\\000\0\ger\c
=003  UIUdb
=010  \\$ae  12001539 
=035  \\$a(OCoLC)ocm19288200
=040  \\$aLibrary, U.S. Bur. of Education$cNIE$dOCL$dUIU
=035  \\$9AQD-7876
=035  \\$9UC 04073125
=043  \\$ae-gx---$ae-au---
=050  0\$aLA736$b.F85
=049  \\$aUIUU
=100  1\$aFrankfurter, S.$q(Salomon),$d1856-1941.
=245  14$aDie mittelschulreform in Preussen und das österreichische mittelschulwesen.$bMit einer vergleichenden zusammenstellung der lehrpläne und einer tabellarischen übersicht der stundenpläne.$cVon dr. S. Frankfurter ...
=260  \\$aWien :$bA. Hölder,$c1893.
=300  \\$a87 p.$c25 cm.
=650  \0$aEducation, Secondary$zGermany$zPrussia.
=650  \0$aEducation, Secondary$zAustria.
=910  \\$arcp6088
=994  \\$a02$bUIU
=910  \\$aMARS
=955  \\$bark:/13960/t9m391k0b$qdiemittelschulre00fran
=852  8\$beresour-nc$hOnline Resource$t1
=856  41$3Full text - HathiTrust Digital Library$uhttps://hdl.handle.net/2027/uiuo.ark:/13960/t9m391k0b

