=LDR  00888cam a2200289Ma 4500
=001  2292561
=005  20080127102447.0
=008  900530s1864\\\\gw\\\\\\\\\\\\000\0\ger\d
=003  UIUdb
=035  \\$a(OCoLC)ocm52174596
=040  \\$aCOO$cCOO
=988  \\$9uc 00029740
=035  \\$9uc 00029740
=035  \\$9AQQ-6710
=043  \\$an-us---
=049  \\$aUIUU
=100  1\$aHuber, V. A.$q(Victor Aimé),$d1800-1869.
=245  14$aDie nordamerikanische Sclaverei /$cvon V.A. Huber.
=260  \\$aNordhausen :$bF. Förstemann,$c1864.
=300  \\$a74 p. ;$c20 cm.
=440  \0$aSociale Fragen ;$v2
=650  \0$aSlavery$zUnited States.
=699  \9$a326H86PAM
=994  \\$a92$bUIU
=955  \\$bark:/13960/t75t9vb6p$qdienordamerikani00hube
=852  8\$beresour-nc$hOnline Resource$t1
=856  41$3Full text - HathiTrust Digital Library$uhttps://hdl.handle.net/2027/uiuo.ark:/13960/t75t9vb6p

