=LDR  01053cam a2200277K  4500
=001  2164176
=005  20030730223355.0
=008  900530s1919\\\\au\\\\\\\\\\\\000\0\ger\d
=003  UIUdb
=035  \\$a(OCoLC)ocm41048478
=040  \\$aNYP$cNYP$dUIU
=035  \\$9AQD-5848
=035  \\$9UC 02091112
=049  \\$aUIUU
=100  1\$aPolzer-Hoditz, Ludwig.
=245  14$aDie Notwendigkeit der Erhaltung und Weiterentwicklung des deutschen Geisteslebens für die europäische Kultur;$bhistorische Voraussetzung zu Dr. Rudolf Steiners Aufruf an das deutsche Volk und an die Kulturwelt.$cVortrag, gehalten von Ludwig Polzer-Hoditz am 20. März 1919.
=260  \\$aWien :$bManz,$c1919.
=300  \\$a16 p.$c8vo.
=650  \4$aCulture (German), Europe.
=600  14$aSteiner, Rudolf,$d1861-
=910  \\$arcp2430
=994  \\$a02$bUIU
=910  \\$aMARS
=955  \\$bark:/13960/t6f255p8z$qdienotwendigkeit00polz
=852  8\$beresour-nc$hOnline Resource$t1
=856  41$3Full text - HathiTrust Digital Library$uhttps://hdl.handle.net/2027/uiuo.ark:/13960/t6f255p8z

