=LDR  01058cam a2200313K  4500
=001  2862418
=005  20080103162327.0
=008  900530s1913\\\\gw\\\\\\\\\\\\000\0\ger\d
=003  UIUdb
=035  \\$a(OCoLC)ocm34743908
=040  \\$aZT9$bfre$cZT9$dMUU$dOCLCQ$dUIU
=019  \\$a38000773
=035  \\$9ASW-6432
=035  \\$9UC 08034853
=049  \\$aUIUU
=100  1\$aEngelmann, Otto.
=245  14$aDie päpstlichen Legaten in Deutschland bis zur Mitte des 11. Jahrhunderts.
=260  \\$aMarburg i.H. :$bSchaaf,$c1913.
=300  \\$ax, 140 p.;$c22 cm.
=502  \\$aMarburg, Phil. Diss. v. 1. Nov. 1913, Rev. v. der Ropp, Brackmann.
=610  20$aCatholic Church$xForeign relations$zGermany.
=650  \0$aPapal legates.
=651  \0$aGermany$xForeign relations$xCatholic Church.
=910  \\$arcp3596
=994  \\$a02$bUIU
=910  \\$aMARS
=955  \\$bark:/13960/t0dv7rc57$qdiepapstlichenle00enge
=852  8\$beresour-nc$hOnline Resource$t1
=856  41$3Full text - HathiTrust Digital Library$uhttps://hdl.handle.net/2027/uiuo.ark:/13960/t0dv7rc57

