=LDR  01362cam a2200385Ka 4500
=001  2364168
=005  20030802061724.0
=008  900530s1922\\\\gw\\\\\\\\\\\\000\0\ger\d
=003  UIUdb
=035  \\$a(OCoLC)ocm33953067
=040  \\$aMLO$cMLO$dUIU
=035  \\$9AQX-8859
=035  \\$9UC 03059812
=041  1\$ager$hrus
=049  \\$aUIUU
=100  1\$aSolovyov, Vladimir Sergeyevich,$d1853-1900.
=240  10$aOpravdanie dobra.$lGerman
=245  14$aDie Rechtfertigung des Guten :$beine Moralphilosophie /$cWladimir Solovjeff.
=250  \\$a2. Aufl.
=260  \\$aStuttgart :$bDer Kommende Tag,$c1922.
=300  \\$alxvii, 624 p. ;$c24 cm.
=490  1\$aAusgewählte Werke [aus dem Russischen von Harry Köhler] ;$v2. Bd.
=490  0\$aPhilosophisch-Anthroposophische Bibliothek
=500  \\$aTranslation of: Opravdanie dobra.
=504  \\$aIncludes bibliographical references.
=650  \0$aEthics.
=650  \0$aReligion$xPhilosophy.
=650  \0$aPhilosophy$y19th century.
=800  1\$aSolovyov, Vladimir Sergeyevich,$d1853-1900.$tWorks.$kSelections.$lGerman ;$v2. Bd.
=910  \\$arcp3770
=994  \\$a02$bUIU
=910  \\$aMARS
=955  \\$bark:/13960/t8gf71b2b$qdierechtfertigun00solo
=852  8\$beresour-nc$hOnline Resource$t1
=856  41$3Full text - HathiTrust Digital Library$uhttps://hdl.handle.net/2027/uiuo.ark:/13960/t8gf71b2b

