=LDR  00841cam a2200265K  4500
=001  2436624
=005  20030801085258.0
=008  900530s1914\\\\gw\\\\\\\\\\\\000\0\ger\d
=003  UIUdb
=035  \\$a(OCoLC)ocm24774764
=040  \\$aZCU$cZCU$dOCLCQ$dUIU
=035  \\$9ARF-3073
=035  \\$9UC 00046441
=049  \\$aUIUU
=100  1\$aDurynek, Wilhelm,$d1887-
=245  15$aDie "reell-metaphysische" Bedeutung der platonischen Ideen ...
=260  \\$aBreslau :$bBuchdruckerei der Schlesischen Volkszeitung,$c1914.
=300  \\$a75 p.$c23 cm.
=502  \\$aThesis--Breslau.
=910  \\$arcp3604
=994  \\$a02$bUIU
=910  \\$aMARS
=955  \\$bark:/13960/t6354vr8p$qdiereellmetaphys00dury
=852  8\$beresour-nc$hOnline Resource$t1
=856  41$3Full text - HathiTrust Digital Library$uhttps://hdl.handle.net/2027/uiuo.ark:/13960/t6354vr8p

