=LDR  00921cam a2200265Li 4500
=001  2673139
=005  20080222192945.0
=008  900530s1914\\\\gw\\\\\\\\\\\\000\0\ger\d
=003  UIUdb
=035  \\$a(OCoLC)ocm77632778
=040  \\$aSLB$cSZ9XM
=035  \\$9uc 03090927
=035  \\$9ASD-3889
=049  \\$aUIUU
=100  1\$aKrieg, Luise.
=245  14$aDie Schalfahrt im 16. Jahrhundert und ihre wirtschaftsgeschichtliche Bedeutung.
=260  \\$aSchwerin i.M. :$bBärensprungsche Hofbuchdr.,$c1914.
=300  \\$aII, 71 S. ;$c8⁰.
=502  \\$aDiss. Phil. Bern.
=699  \9$a330.94317K89S
=787  0\$tJahrbücher des Vereins für mecklenburgische Geschichte und Altertumskunde$gBd. 79
=994  \\$a92$bUIU
=955  \\$bark:/13960/t8x98dz01$qdieschalfahrtim100krie
=852  8\$beresour-nc$hOnline Resource$t1
=856  41$3Full text - HathiTrust Digital Library$uhttps://hdl.handle.net/2027/uiuo.ark:/13960/t8x98dz01

