=LDR  00871cam a2200253K  4500
=001  2664297
=005  20030806121146.0
=008  900530s1918\\\\sz\\\\\\\\\\\\000\0\ger\d
=003  UIUdb
=035  \\$a(OCoLC)ocm42730003
=040  \\$aPUL$cPUL$dUIU
=035  \\$9ASC-4977
=035  \\$9UC 16058853
=049  \\$aUIUU
=110  2\$aSchweizerische friedensgesellschaft.$bSektion Zürich.
=245  14$aDie Schweiz und der weltkrieg;$cvier reden der Herren ... H. Haeberlin ... E. Zürcher ... Paul Pflüger ... Ed. Thomann ... am ... 26. dezember 1917 ...
=260  \\$aZürich,$c1918.
=300  \\$a35 p.
=910  \\$arcp3596
=994  \\$a02$bUIU
=910  \\$aMARS
=955  \\$bark:/13960/t8jf12z1p$qdieschweizundder00schw
=852  8\$beresour-nc$hOnline Resource$t1
=856  41$3Full text - HathiTrust Digital Library$uhttps://hdl.handle.net/2027/uiuo.ark:/13960/t8jf12z1p

