=LDR  01018cam a2200277Mi 4500
=001  2465048
=005  20161008202737.0
=008  900530s1911\\\\xx\\\\\\\m\\\\000\0\ger\d
=003  UIUdb
=035  \\$a(OCoLC)ocm69012521
=040  \\$aNLGGC$bdut$cNLGGC$efobidrtb
=041  0\$ager
=049  \\$aUIUU
=100  1\$aLoffing, Aloys.$0(NL-LeOCL)143630407
=245  14$aDie soziale und wirtschaftliche Gliederung der Bevölkerung Erfurts in der zweiten Hälfte des 16. Jahrhunderts /$cAloys Loffing.
=260  \\$aErfurt,$c1911.
=300  \\$a...p. ;$cin 8.
=336  \\$atekst$btxt$2rdacontent/dut
=337  \\$azonder medium$bn$2rdamedia/dut
=338  \\$aband$bnc$2rdacarrier/dut
=502  \\$aProefschrift Münster i.W.
=945  \\$aMaster record variable field(s) change: 100$b10/07/2016
=994  \\$a92$bUIU
=955  \\$bark:/13960/t3hx7jv40$qdiesozialeundwir00loff
=852  8\$beresour-nc$hOnline Resource$t1
=856  41$3Full text - HathiTrust Digital Library$uhttps://hdl.handle.net/2027/uiuo.ark:/13960/t3hx7jv40

