=LDR  00832cam a2200265Mi 4500
=001  2465317
=005  20080209200144.0
=008  900530s1919\\\\gw\\\\\\\\\\\u000\u\ger\d
=003  UIUdb
=035  \\$a(OCoLC)ocm72121345
=040  \\$aGWDNB$bger$cGWDNB
=016  7\$a354199889$2GyFmDB
=988  \\$9uc 04016957
=035  \\$9uc 04016957
=035  \\$9ARI-1907
=049  \\$aUIUU
=100  1\$aKaff, Siegmund.
=245  14$aDie Sozialisierung der Wirtschaft durch die Genossenschaften /$cVon Sigmund Kaff.
=260  \\$aWien :$b"Neue Erde",$c1919.
=300  \\$a16 S. ;$c8 [Umschlagt.].
=699  \9$a334K11S
=994  \\$a92$bUIU
=955  \\$bark:/13960/t7sn6d65r$qdiesozialisierun00kaff
=852  8\$beresour-nc$hOnline Resource$t1
=856  41$3Full text - HathiTrust Digital Library$uhttps://hdl.handle.net/2027/uiuo.ark:/13960/t7sn6d65r

