=LDR  00939cam a2200265K  4500
=001  2465896
=005  20030810113933.0
=008  900530s1915\\\\gw\\\\\\\\\\\\000\0\ger\d
=003  UIUdb
=035  \\$a(OCoLC)ocm34649773
=040  \\$aZT9$bfre$cZT9$dUIU
=035  \\$9ARI-2488
=035  \\$9UC 04081335
=049  \\$aUIUU
=100  1\$aKorn, Ferdinand,$cReferendar.
=245  14$aDie Staatenorganisation nach dem Reichsgesetz vom 24. Dezember 1911, betr. den Ausbau der deutschen Wasserstrassen und die Erhebung von Schiffahrtsabgaben.
=260  \\$aWiesbaden :$bPlaum,$c[1915]
=300  \\$a55 S.$c8vo.
=502  \\$aMarburg, Jur. Diss. v. 1. Febr. 1915, Ref. Schücking.
=910  \\$arcp0400
=994  \\$a02$bUIU
=910  \\$aMARS
=955  \\$bark:/13960/t7pp59m2g$qdiestaatenorgani00korn
=852  8\$beresour-nc$hOnline Resource$t1
=856  41$3Full text - HathiTrust Digital Library$uhttps://hdl.handle.net/2027/uiuo.ark:/13960/t7pp59m2g

