=LDR  00799cam a2200265Ki 4500
=001  2462374
=005  20030730220658.0
=008  900530s1909\\\\pl\\\\\\\\\\\\000\0\ger\d
=003  UIUdb
=035  \\$a(OCoLC)ocm18826801
=040  \\$aSUU$cSUU$dUIU
=035  \\$9ARH-8953
=035  \\$9UC 00024561
=090  \\$aK152$b.B73 1909
=049  \\$aUIUU
=100  1\$aBrechmann, Friedrich,$d1884-
=245  14$aDie staatsrechtlichen Anschauungen Widukinds von Corvey.
=260  \\$aBreslau :$bW.G. Korn,$c1909.
=300  \\$a59 p. ;$c22 cm.
=910  \\$arcp3020
=994  \\$a02$bUIU
=910  \\$aMARS
=955  \\$bark:/13960/t50g9w75q$qdiestaatsrechtli00brec
=852  8\$beresour-nc$hOnline Resource$t1
=856  41$3Full text - HathiTrust Digital Library$uhttps://hdl.handle.net/2027/uiuo.ark:/13960/t50g9w75q

