=LDR  00925cam a2200289K  4500
=001  2438450
=005  20030802160823.0
=008  900530s1887\\\\gw\\\\\\\\\\\\000\0\ger\d
=003  UIUdb
=035  \\$a(OCoLC)ocm40607856
=040  \\$aMUU$cMUU$dUIU
=035  \\$9ARF-4903
=035  \\$9UC 01049700
=049  \\$aUIUU
=100  1\$aPlatzmann, Albert.
=245  14$aDie Steuern des Landwirthes,$bvortrag, gehalten vor der Oekonomischen gesellschaft im konigreich Sachsen.
=260  \\$aDresden :$bSchönfeld,$c1887.
=300  \\$a87 p.$c22 cm.
=650  \0$aTaxation$zGermany.
=650  \0$aLand value taxation.
=650  \0$aAgriculture$xEconomic aspects.
=910  \\$arcp3211
=994  \\$a02$bUIU
=910  \\$aMARS
=955  \\$bark:/13960/t27b0cw62$qdiesteuerndeslan00plat
=852  8\$beresour-nc$hOnline Resource$t1
=856  41$3Full text - HathiTrust Digital Library$uhttps://hdl.handle.net/2027/uiuo.ark:/13960/t27b0cw62

