=LDR  00847cam a2200289Ka 4500
=001  2731520
=005  20030801071228.0
=008  900530s1909\\\\sz\\\\\\\\\\\\000\0\ger\d
=003  UIUdb
=035  \\$a(OCoLC)ocm50002158
=040  \\$aCRL$cCRL$dUIU
=035  \\$9ASJ-2700
=035  \\$9UC 00081856
=049  \\$aUIUU
=100  1\$aCholodenko, David.
=245  14$aDie teleologische Betrachtung in der modernen Biologie /$cDavid Cholodenko.
=260  \\$c1909.
=300  \\$a63 p.
=502  \\$aThesis (doctoral)--Bern, 1909.
=653  \\$ateleology
=653  \\$amodern biology
=910  \\$arcp3024
=994  \\$a02$bUIU
=910  \\$aMARS
=955  \\$bark:/13960/t80k8kt72$qdieteleologische00chol
=852  8\$beresour-nc$hOnline Resource$t1
=856  41$3Full text - HathiTrust Digital Library$uhttps://hdl.handle.net/2027/uiuo.ark:/13960/t80k8kt72

