=LDR  01029cam a2200301K  4500
=001  2737364
=005  20030809102047.0
=008  900530s1912\\\\gw\\\\\\\bm\\\000\0\ger\d
=003  UIUdb
=035  \\$a(OCoLC)ocm44993007
=040  \\$aYUS$cYUS$dUIU
=035  \\$9ASJ-8557
=035  \\$9UC 05047262
=049  \\$aUIUU
=100  1\$aDumke, Hubert,$d1886-
=245  14$aDie Terminologie des Ackerbaus im Dakorumänischen.$bEin Beitrag zur Geschichte der Vergangenheit des rumänischen Volkes ...
=260  \\$aLeipzig,$c1912.
=300  \\$a[1 v.]
=502  \\$aInaug.-Diss.--Leipzig.
=500  \\$aLebenslauf.
=504  \\$aLiteraturverzeichnis.
=500  \\$a"Sonderdruck aus dem 18./19. Jahresbericht des Institutes für rumänische Sprache zu Leipzig.""
=910  \\$arcp0400
=994  \\$a02$bUIU
=910  \\$aMARS
=955  \\$bark:/13960/t6160t144$qdieterminologied00dumk
=852  8\$beresour-nc$hOnline Resource$t1
=856  41$3Full text - HathiTrust Digital Library$uhttps://hdl.handle.net/2027/uiuo.ark:/13960/t6160t144

