=LDR  00848cam a2200265K  4500
=001  2759586
=005  20030801213058.0
=008  900530s1909\\\\gw\\\\\\\\\\\\000\0\ger\d
=003  UIUdb
=035  \\$a(OCoLC)ocm32026935
=040  \\$aLWU$cLWU$dUIU
=035  \\$9ASM-0918
=035  \\$9UC 03090932
=049  \\$aUIUU
=100  1\$aPopendieker, Max.
=245  14$aDie Versorgung Sachsens mit Brotgetreide und ihr Zusammenhang mit der Wirtschaftspolitik seit 1879.
=260  \\$a[Borna :$bR. Noske],$c1909.
=300  \\$aviii, 138 p.$c22 cm.
=502  \\$aThesis--Univ. Leipzig, 1909.
=910  \\$arcp3596
=994  \\$a02$bUIU
=910  \\$aMARS
=955  \\$bark:/13960/t4rk0p08q$qdieversorgungsac00pope
=852  8\$beresour-nc$hOnline Resource$t1
=856  41$3Full text - HathiTrust Digital Library$uhttps://hdl.handle.net/2027/uiuo.ark:/13960/t4rk0p08q

