=LDR  00870cam a22002771  4500
=001  2759138
=005  20071205232546.0
=008  900530s1888\\\\gw\\\\\\\\\\\\\\\\\\ger\u
=003  UIUdb
=035  \\$a(OCoLC)ocm77317013
=035  \\$9ASM-0469
=035  \\$9UC 03026196
=035  \\$auil00038689
=040  \\$dUtOrBLW
=100  1\$aBorght, Richard van der.
=245  14$aDie vertheilung des risiko's in der unfall- und alters-versicherung.
=260  \\$aAachen,$c1888.
=300  \\$a38 p. ;$ccm.
=650  \0$aInsurance, Accident.
=650  \0$aPensions.
=911  \\$1m$2ASM-0469$3UC 03026196$46/20/2004 14:08:38$a331.2 B644V
=913  \\$139390
=910  \\$aMARS
=955  \\$bark:/13960/t2c88h886$qdievertheilungde00borg
=852  8\$beresour-nc$hOnline Resource$t1
=856  41$3Full text - HathiTrust Digital Library$uhttps://hdl.handle.net/2027/uiuo.ark:/13960/t2c88h886

