=LDR  00905nam a2200265 i 4500
=001  374963
=005  20020415161454.0
=008  800212s1916\\\\gw\\\\\\\b\\\\00010\ger\d
=003  UIUdb
=035  \\$a(OCoLC)ocm05974273
=035  \\$9ABN-8407
=040  \\$aUIU$cUIU
=043  \\$ae------
=100  10$aKarpiński, Zygmunt.
=245  14$aDie Wechselkurse während des Weltkriegs von dessen Beginn bis Ende 1915 /$cvon Zygmunt Karpiński.
=260  0\$aPosen :$bJ. Winiewicz,$c1916.
=300  \\$a130 p. ;$c24 cm.
=500  \\$aVita.
=502  \\$aThesis (doctoral)--Frankfurt a. M., 1916.
=504  \\$aIncludes bibliography.
=650  \0$aWorld War, 1914-1918$xFinance
=650  \0$aForeign exchange
=955  \\$bark:/13960/t8rc38d9s$qdiewechselkursew00karp
=852  8\$beresour-nc$hOnline Resource$t1
=856  41$3Full text - HathiTrust Digital Library$uhttps://hdl.handle.net/2027/uiuo.ark:/13960/t8rc38d9s

