=LDR  00842cam a2200277Ia 4500
=001  2775128
=005  20030801071146.0
=008  900530s1896\\\\gw\\\\\\\\\\\\000\0\ger\d
=003  UIUdb
=035  \\$a(OCoLC)ocm34484190
=040  \\$aBUF$cBUF$dUIU
=035  \\$9ASN-6571
=035  \\$9UC 00081794
=090  \\$aBJ1463$b.M53 1896
=049  \\$aUIUU
=100  1\$aMichaelis, Paul.
=245  14$aDie Willensfreiheit /$cvon Paul Michaelis.
=260  \\$aBerlin :$bR. Gaertners Verlagsbuchhandlung,$c1896.
=300  \\$a56 p. ;$c23 cm.
=650  \0$aFree will and determinism.
=910  \\$arcp3024
=994  \\$a02$bUIU
=910  \\$aMARS
=955  \\$bark:/13960/t9x129v15$qdiewillensfreihe00mich_0
=852  8\$beresour-nc$hOnline Resource$t1
=856  41$3Full text - HathiTrust Digital Library$uhttps://hdl.handle.net/2027/uiuo.ark:/13960/t9x129v15

