=LDR  00822cam a2200253Ka 4500
=001  6333472
=005  20100923142432.0
=008  060606s1914\\\\gw\\\\\\\\\\\\000\0\ger\d
=003  UIUdb
=035  \\$a(OCoLC)ocm69942931
=040  \\$aGZM$cGZM$dUIU
=049  \\$aUIUU
=100  1\$aLohmann, Alfred.
=245  14$aDie wirtschaftlichen Folgen des Weltkrieges /$c[A. Lohmann].
=260  \\$a[Bremen :$bA. Lohmann],$c[1914]
=300  \\$a16 p. ;$c23 cm.
=500  \\$aCover title.
=650  \0$aWorld War, 1914-1918$xEconomic aspects.
=710  2\$aWorld War I Collection.$5WU
=936  \\$aPR: 64563074
=994  \\$aC0$bUIU
=955  \\$bark:/13960/t3hx7jk7v$qdiewirtschaftlic00lohm
=852  8\$beresour-nc$hOnline Resource$t1
=856  41$3Full text - HathiTrust Digital Library$uhttps://hdl.handle.net/2027/uiuo.ark:/13960/t3hx7jk7v

