=LDR  00916cam a22002891  4500
=001  2524841
=005  20080123225837.0
=008  900530s1906\\\\bo\\\\\\\\\\\\\\\\\\spa\u
=003  UIUdb
=035  \\$a(OCoLC)ocm77304113
=035  \\$9ARO-2064
=035  \\$9UC 13000031
=035  \\$auil00026516
=040  \\$dUtOrBLW
=100  1\$aArauco, Natalio.
=245  10$aDiscursos sobre el contrato Speyer en la legislatura de 1906.
=260  \\$aLa Paz,$c1906.
=300  \\$a60 p. ;$ccm.
=500  \\$aCover-title.
=651  \0$aBolivia$xRailroads.
=610  20$aBolivia.$bCongreso.$bCámara de diputados.
=911  \\$1m$2ARO-2064$3UC 13000031$46/8/2004 14:19:34$a385.84 AR1D
=913  \\$126183
=910  \\$aMARS
=955  \\$bark:/13960/t0kt2wz9r$qdiscursossobreel00arau
=852  8\$beresour-nc$hOnline Resource$t1
=856  41$3Full text - HathiTrust Digital Library$uhttps://hdl.handle.net/2027/uiuo.ark:/13960/t0kt2wz9r

