=LDR  00806cam a2200265Mi 4500
=001  2559477
=005  20080214195724.0
=008  900530s1892\\\\xx\\\\\\\\\\\\000\0\und\d
=003  UIUdb
=035  \\$a(OCoLC)ocm46227477
=040  \\$aZXW$bger$cZXW$dOCLCQ
=029  1\$aNLGGC$b055159389
=988  \\$9uc 05016162
=035  \\$9uc 05016162
=035  \\$9ARR-9617
=049  \\$aUIUU
=100  1\$aHertz, Martinus.
=245  10$aDissertatio vernaculo sermone conscripta de thesauro Latinitatis condendo /$cMartinus Hertz.
=260  \\$c(1892)
=300  \\$a11 S.
=699  \9$a473H44D
=994  \\$a92$bUIU
=955  \\$bark:/13960/t9r27543r$qdissertatioverna00hert
=852  8\$beresour-nc$hOnline Resource$t1
=856  41$3Full text - HathiTrust Digital Library$uhttps://hdl.handle.net/2027/uiuo.ark:/13960/t9r27543r

