=LDR  00812cam a22002531  4500
=001  2535830
=005  20071205234516.0
=008  900530s1907\\\\enk\\\\\\\\\\\\\\\\\eng\u
=003  UIUdb
=035  \\$a(OCoLC)ocm77304774
=035  \\$9ARP-5138
=035  \\$9UC 04003091
=035  \\$ashi00012997
=040  \\$dUtOrBLW
=100  1\$aRussell, Francis Albert Rollo,$d1849-1914.
=245  10$aDistribution of land.
=260  \\$aLondon :$bP.S. King,$c1907.
=300  \\$a46 p. ;$c22 cm.
=650  \0$aLand tenure$zGreat Britain.
=911  \\$a333 R91D$1m$2ARP-5138$3UC 04003091$44/7/2004 11:55:08
=910  \\$aMARS
=955  \\$bark:/13960/t78t0z27b$qdistributionofla00russ
=852  8\$beresour-nc$hOnline Resource$t1
=856  41$3Full text - HathiTrust Digital Library$uhttps://hdl.handle.net/2027/uiuo.ark:/13960/t78t0z27b

