=LDR  00891cam a2200265K  4500
=001  2586819
=005  20030801140125.0
=008  900530s1915\\\\nyu\\\\\\\\\\\000\0\eng\d
=003  UIUdb
=035  \\$a(OCoLC)ocm48184957
=040  \\$aYUS$cYUS$dUIU
=035  \\$9ARU-7140
=035  \\$9UC 01061248
=049  \\$aUIUU
=100  1\$aRobinson, Maurice Henry,$d1867-
=245  14$aThe distribution of securities in the formation of the United States Steel Corporation ...
=260  \\$aNew York,$c1915.
=300  \\$a1 p. l., pp. 277-300.$c23 cm.
=500  \\$aReprinted from Political Science quarterly v.XXX, no. 2, June, 1915.
=910  \\$arcp3604
=994  \\$a02$bUIU
=910  \\$aMARS
=955  \\$bark:/13960/t3c02dd80$qdistributionofse00robi
=852  8\$beresour-nc$hOnline Resource$t1
=856  41$3Full text - HathiTrust Digital Library$uhttps://hdl.handle.net/2027/uiuo.ark:/13960/t3c02dd80

