=LDR  01241cam a2200373 a 4500
=001  2594758
=005  20030802104842.0
=008  900530s1876\\\\nyu\\\\\\\\\\\000\0\eng\\
=003  UIUdb
=035  \\$a(OCoLC)ocm31154138
=040  \\$aNLM$cNLM$dZCH$dOCL$dUIU
=016  7\$a9614168$2DNLM
=035  \\$9ARV-5100
=035  \\$9UC 06077562
=060  00$aW6$bP3 v.7481 box 52 no.9
=090  \\$aR708$b.H86
=049  \\$aUIUU
=100  1\$aHudson, E. Darwin$q(Erasmus Darwin),$d1843-1887.
=245  10$aDoctors, hygiene, and therapeutics :$ban anniversary discourse delivered before the New York Academy of Medicine, November 18, 1875 /$cby E. Darwin Hudson, Jr.
=246  16$aAnniversary address
=260  \\$aNew York :$bD. Appleton and Co.,$c1876.
=300  \\$a20 p. ;$c23 cm.
=500  \\$aPrinted paper cover.
=650  \2$aMedicine.
=650  \2$aPhysicians.
=650  \2$aHygiene.
=655  \7$aAddresses.$2mesh
=710  2\$aNew York Academy of Medicine.
=910  \\$arcp2870
=994  \\$a02$bUIU
=910  \\$aMARS
=955  \\$bark:/13960/t3326523x$qdoctorshygieneth00huds
=852  8\$beresour-nc$hOnline Resource$t1
=856  41$3Full text - HathiTrust Digital Library$uhttps://hdl.handle.net/2027/uiuo.ark:/13960/t3326523x

