=LDR  00782cam a22002651  4500
=001  2524842
=005  20080123225838.0
=008  900530s1870\\\\pe\\\\\\\\\\\\\\\\\\spa\u
=003  UIUdb
=035  \\$a(OCoLC)ocm77304116
=035  \\$9ARO-2065
=035  \\$9UC 13000037
=035  \\$auil00057959
=040  \\$dUtOrBLW
=110  2\$aFerro-Carril de Arequipa a Puno.
=245  10$aDocumentos.
=260  \\$aLima,$c1870.
=300  \\$a158 p. ;$ccm.
=650  \0$aRailroads$zPeru.
=911  \\$1m$2ARO-2065$3UC 13000037$47/7/2004 9:55:06$a385.85 F416D
=913  \\$12206
=910  \\$aMARS
=955  \\$bark:/13960/t4sj7pq3b$qdocumentos00ferr
=852  8\$beresour-nc$hOnline Resource$t1
=856  41$3Full text - HathiTrust Digital Library$uhttps://hdl.handle.net/2027/uiuo.ark:/13960/t4sj7pq3b

