=LDR  01275cam a2200337I  4500
=001  2549535
=005  20030802194434.0
=008  900530s1890\\\\ve\\\\\\\\\\\f000\0\spa\\
=003  UIUdb
=010  \\$aca 10005180 
=035  \\$a(OCoLC)ocm08659712
=040  \\$aDLC$cFUG$dFUG$dUIU
=035  \\$9ARQ-9488
=035  \\$9UC 13000056
=043  \\$as-ve---
=050  \\$aJX618$b.V45 1890a
=049  \\$aUIUU
=110  1\$aVenezuela.$bMinisterio de Relaciones Exteriores.
=245  10$aDocumentos relativos á la reclamación intentada por la Legación de los Estados Unidos de América en Caracas,$bá favor del ciudadano norte-americano Hancox, ó de la Compañía de Trasporte por Vapor de Venezuela.
=250  \\$aPublicación oficial.
=260  \\$aCaracas :$bImpr. y Lit. del Gobierno Nacional,$c1890.
=300  \\$a93 p.$c23 cm.
=610  20$aVenezuela Steam Transportation Company$xClaims vs. Venezuela.
=600  10$aHancox, Joseph W.
=710  1\$aUnited States.$bLegation (Venezuela)
=910  \\$arcp3211
=994  \\$a02$bUIU
=910  \\$aMARS
=955  \\$bark:/13960/t6k13948k$qdocumentosrelati00vene
=852  8\$beresour-nc$hOnline Resource$t1
=856  41$3Full text - HathiTrust Digital Library$uhttps://hdl.handle.net/2027/uiuo.ark:/13960/t6k13948k

