=LDR  01487cam a2200397Ia 4500
=001  1755495
=005  20030801064459.0
=008  900530s1802\\\\enka\\\\\\\\\\000\1\eng\d
=003  UIUdb
=035  \\$a(OCoLC)ocm06738255
=040  \\$aVA@$cVA@$dOCLCQ$edcrb$dCUY$dUIU
=035  \\$9AOB-1411
=035  \\$9UC 10013050
=049  \\$aUIUU
=245  00$aDon Algonah, or, The sorceress of Montillo :$ba romantic tale.
=246  30$aSorceress of Montillo
=246  30$aDon Algonah
=250  \\$aSecond edition.
=260  \\$aLondon :$bPrinted for T. Hurst, No. 32 ... Paternoster-Row ...,$c[1802]
=300  \\$a71, [1] p. (the last p. blank), [1] leaf of plates :$bill. (engraving) ;$c18 cm. (12mo)
=500  \\$aChap-book.
=500  \\$a"J. Cundee, printer, Ivy-Lane"--P. [2].
=500  \\$a"Published June 1, 1802"--Frontispiece.
=500  \\$aSignatures: H-N⁶.
=500  \\$aTitle vignette (woodcut).
=500  \\$aAnother edition printed for Tegg and Castleman the same year.
=655  \7$aChapbooks$zEngland.$2rbgenr
=700  1\$aHurst, Thomas.$4bkp$5CU-BANC
=700  1\$aCundee, J.$q(James)$4bkp$5CU-BANC
=700  1\$aAskins, Arthur Lee-Francis.$tArthur L-F. Askins chapbook collection.$5CU-BANC
=910  \\$arcp2751
=994  \\$a02$bUIU
=910  \\$aMARS
=955  \\$bark:/13960/t9v187s2k$qdonalgonahorsorc00hurs
=852  8\$beresour-nc$hOnline Resource$t1
=856  41$3Full text - HathiTrust Digital Library$uhttps://hdl.handle.net/2027/uiuo.ark:/13960/t9v187s2k

