=LDR  00952cam a22002531  4500
=001  2598955
=005  20080122224614.0
=008  900530s1918\\\\ilu\\\\\\\\\\\\\\\\\eng\u
=003  UIUdb
=035  \\$a(OCoLC)ocm77308124
=035  \\$9ARV-9306
=035  \\$9UC 09037505
=035  \\$aurb00126810
=040  \\$dUtOrBLW
=100  1\$aMcCosh, D. S.
=245  10$aDon't you hear dem bells /$carr. by Fred K. Huffer. Going from the cotton fields / by Thos. P. Westendorf ; for mixed quartette, arr. by Fred K. Huffer.
=246  3\$aDon't you hear dem bells ; Going from the cotton fields
=260  \\$aChicago :$bChart Music Pub. Co.,$c[c1918]
=300  \\$a3 p. ;$ccm.
=650  \0$aSongs.
=700  12$aWestendorf, Thos. P.$tGoing from the cotton fields.
=955  \\$bark:/13960/t9577mz1c$qdontyouheardembe00mcco
=852  8\$beresour-nc$hOnline Resource$t1
=856  41$3Full text - HathiTrust Digital Library$uhttps://hdl.handle.net/2027/uiuo.ark:/13960/t9577mz1c

