=LDR  00782cam a22002531  4500
=001  2585518
=005  20071205223609.0
=008  900530s1898\\\\fr\\\\\\\\\\\\\\\\\\fre\u
=003  UIUdb
=035  \\$a(OCoLC)ocm40797091
=035  \\$9ARU-5837
=035  \\$9UC 00088399
=035  \\$aurb00111778
=040  \\$dUtOrBLW
=100  1\$aLa Grasserie, Raoul de.
=245  10$aDu duel :$bau point de vue sociologique.
=260  \\$aParis,$c1898.
=300  \\$a47 p. ;$ccm.
=500  \\$aCover-title.
=500  \\$a"Extrait de la Revue internationale de sociologie."
=650  \0$aDueling.
=955  \\$bark:/13960/t2j73p01m$qduduelaupointdev00lagr
=852  8\$beresour-nc$hOnline Resource$t1
=856  41$3Full text - HathiTrust Digital Library$uhttps://hdl.handle.net/2027/uiuo.ark:/13960/t2j73p01m

