=LDR  01503cam a2200373Ii 4500
=001  2584403
=005  20170721153142.0
=008  900530s1856\\\\nyu\\\\\\\\\\\000\0\eng\d
=003  UIUdb
=035  \\$a(OCoLC)ocn133663452
=043  \\$an-us---
=050  \4$aJK1771$b.C9
=049  \\$aUIUU
=100  1\$aCurtis, George William,$d1824-1892.
=245  14$aThe duty of the American scholar to politics and the times :$ban oration, delivered on Tuesday, August 5, 1856, before the literary societies of Wesleyan University. Middletown, Conn. /$cby George William Curtis.
=260  \\$aNew York :$bDix, Edwards & Co.,$c1856.
=300  \\$a[1]-46 pages, 1 leaf ;$c24 cm
=336  \\$atext$btxt$2rdacontent
=337  \\$aunmediated$bn$2rdamedia
=338  \\$avolume$bnc$2rdacarrier
=650  \0$aLearning and scholarship.
=650  \0$aSlavery$zUnited States.
=651  \0$aUnited States$xPolitics and government$y1853-1857.
=650  \0$aCitizenship.
=650  \7$aCitizenship.$2fast$0(OCoLC)fst00861909
=650  \7$aLearning and scholarship.$2fast$0(OCoLC)fst00994857
=650  \7$aPolitics and government$2fast$0(OCoLC)fst01919741
=650  \7$aSlavery.$2fast$0(OCoLC)fst01120426
=651  \7$aUnited States.$2fast$0(OCoLC)fst01204155
=648  \7$a1853-1857$2fast
=994  \\$aC0$bUIU
=955  \\$bark:/13960/t81k5mp2f$qdutyofamericansc00curt
=852  8\$beresour-nc$hOnline Resource$t1
=856  41$3Full text - HathiTrust Digital Library$uhttps://hdl.handle.net/2027/uiuo.ark:/13960/t81k5mp2f

