=LDR  00855cam a2200301K  4500
=001  2536372
=005  20030804073407.0
=008  900530s1893\\\\ilu\\\\\\\\\\\000\0\eng\d
=003  UIUdb
=035  \\$a(OCoLC)ocm15494631
=040  \\$aTRN$cTRN$dUIU
=035  \\$9ARP-5680
=035  \\$9UC 06033666
=090  \\$aSB931$b.E3 1893
=049  \\$aUIUU
=100  1\$aEberhart, Noble Murray,$d1870-
=245  10$aEconomic entomology.
=250  \\$aRev. ed.
=260  \\$aChicago :$bFlanagan,$c[1893]
=300  \\$a109 p.$c19 cm.
=650  \0$aBeneficial insects.
=650  \0$aInsect pests.
=910  \\$arcp3604
=994  \\$a02$bUIU
=910  \\$aMARS
=955  \\$bark:/13960/t2m67p12b$qeconomicentomolo00eber
=852  8\$beresour-nc$hOnline Resource$t1
=856  41$3Full text - HathiTrust Digital Library$uhttps://hdl.handle.net/2027/uiuo.ark:/13960/t2m67p12b

