=LDR  00866cam a2200277I  4500
=001  2534932
=005  20030804100741.0
=008  900530s1889\\\\gw\\\\\\\\\\\\000\0\ger\d
=003  UIUdb
=035  \\$a(OCoLC)ocm11991967
=040  \\$aRCE$cRCE$dUIU
=035  \\$9ARP-4237
=035  \\$9UC 00018898
=090  \\$aB3277$b.D8
=049  \\$aUIUU
=100  1\$aDrews, Arthur,$d1865-1935.
=245  10$aEduard v. Hartmanns Philosophie und der Materialismus in der modernen Kultur.
=260  \\$aLeipzig :$bW. Friedrich,$c[1889]
=300  \\$a109 p.$c23 cm.
=600  10$aHartmann, Eduard von,$d1842-1906.
=910  \\$arcp2543
=994  \\$a02$bUIU
=910  \\$aMARS
=955  \\$bark:/13960/t2g79kv93$qeduardvhartmanns00drew
=852  8\$beresour-nc$hOnline Resource$t1
=856  41$3Full text - HathiTrust Digital Library$uhttps://hdl.handle.net/2027/uiuo.ark:/13960/t2g79kv93

