=LDR  01018nam a2200301Ka 4500
=001  6140722
=005  20100304131911.0
=008  100304s1898\\\\ne\\\\\\\\\\\\000\0\dut\d
=003  UIUdb
=035  \\$a(OCoLC)ocn539243196
=040  \\$aUIU$cUIU
=041  1\$adut$hger
=043  \\$ae-ne---
=092  0\$a335.830943$bL231w$222
=049  \\$aUIUU
=100  1\$aLandauer, Gustav,$d1870-1919.
=240  10$aWeg zur Befreiung der Arbeiter-Klasse$lDutch.
=245  14$aEen weg tot bevrijding der arbeidersklasse /$cGustav Landauer ; naar het Duitsch vertaald door B. Reyndorp.
=260  \\$aAmsterdam :$bJ. Sterringa,$c[1898]
=300  \\$a43 p. ;$c20 cm.
=500  \\$aTranslated from German.
=650  \0$aAnarchism$zGermany.
=700  1\$aReyndorp, B.,$d1870-1950.
=936  \\$aPR 65696542
=994  \\$aC0$bUIU
=955  \\$bark:/13960/t43r72v22$qeenwegtotbevrijd00land
=852  8\$beresour-nc$hOnline Resource$t1
=856  41$3Full text - HathiTrust Digital Library$uhttps://hdl.handle.net/2027/uiuo.ark:/13960/t43r72v22

