=LDR  00858cam a22002771  4500
=001  2603193
=005  20080123225922.0
=008  900530r19041904gw\\\\\\\\\\\\\\\\\dger\u
=003  UIUdb
=035  \\$a(OCoLC)ocm77308527
=035  \\$9ARW-3550
=035  \\$9UC 13001100
=035  \\$auil00063010
=040  \\$dUtOrBLW
=100  1\$aLehmann, Max Ludwig Eduard.
=245  14$aEin Arndt-fund.
=260  \\$aStuttgart,$c1904.
=300  \\$a9 p. ;$ccm.
=500  \\$aReprint from Deutsche revue, Dec. 1904.
=600  10$aArndt, Ernst Moritz$xCriticism.
=911  \\$1m$2ARW-3550$3UC 13001100$47/12/2004 16:06:44$a834 AR6DL52
=913  \\$18714
=910  \\$aMARS
=955  \\$bark:/13960/t9480m45x$qeinarndtfund00lehm
=852  8\$beresour-nc$hOnline Resource$t1
=856  41$3Full text - HathiTrust Digital Library$uhttps://hdl.handle.net/2027/uiuo.ark:/13960/t9480m45x

