=LDR  01019cam a2200289K  4500
=001  2590253
=005  20030731065245.0
=008  900530s1913\\\\lv\a\\\\\\\\\\000\0\ger\d
=003  UIUdb
=035  \\$a(OCoLC)ocm42687293
=040  \\$aIUL$cIUL$dOCL$dUIU
=035  \\$9ARV-0588
=035  \\$9UC 04002324
=090  \\$aHD1995.3$b.C18
=049  \\$aUIUU
=100  1\$aCampenhausen-Loddiger, Ernst,$cBaron.
=245  14$aEin Beitrag zur Agrarstatistik der Rittergüter,$bdes Kleingrundbesitzes und der Widmen in Livland.
=260  \\$aRiga :$bG. Löffler,$c1913.
=300  \\$a56 p.$bdiagrs., tables.
=440  \0$aVeröffentlichungen des statistischen Bureaus der Livländischen Ritterschaft,$vHft. 2
=650  \0$aAgriculture$zLivonia$vStatistics.
=910  \\$arcp1723
=994  \\$a02$bUIU
=910  \\$aMARS
=955  \\$bark:/13960/t6xx0n653$qeinbeitragzuragr00camp
=852  8\$beresour-nc$hOnline Resource$t1
=856  41$3Full text - HathiTrust Digital Library$uhttps://hdl.handle.net/2027/uiuo.ark:/13960/t6xx0n653

