=LDR  00969cam a2200289M  4500
=001  2480507
=005  20080209205936.0
=008  900530s1920\\\\gw\\\\\\\\\\\\000\0\ger\d
=003  UIUdb
=035  \\$a(OCoLC)ocm66245444
=040  \\$aNLGGC$efobidrtb$bdut$cNLGGC
=029  0\$aNLGGC$b109951573
=988  \\$9uc 03000385
=035  \\$9uc 03000385
=035  \\$9ARJ-7198
=049  \\$aUIUU
=100  1\$aStillich, Oscar.
=245  10$aEinführung in die Nationalökonomie /$cOscar Stillich.
=260  \\$aWürzburg :$bKabitzsch & Mönnich,$c1920.
=300  \\$aVIII, 100 p. ;$c20 cm.
=490  0\$aBücherei der Volkshochschule ;$vBand 1, Heft 6
=440  \4$aDie Bücherei der Volkshochschule ;$vBand 1, Heft 6
=699  \9$a330.1ST54E
=994  \\$a92$bUIU
=955  \\$bark:/13960/t30352j30$qeinfuhrungindien00stil
=852  8\$beresour-nc$hOnline Resource$t1
=856  41$3Full text - HathiTrust Digital Library$uhttps://hdl.handle.net/2027/uiuo.ark:/13960/t30352j30

