=LDR  00807nam a2200253K  4500
=001  4255624
=005  20020415165521.0
=008  910221s1887\\\\bo\\\\\\\\\\\\000\0\spa\d
=003  UIUdb
=035  \\$a(OCoLC)ocm23129416
=035  \\$9DYN-6874
=040  \\$aRQL$cRQL$dUIU
=090  \\$aBV4140.B6$bZ432 1887
=049  \\$auiuu
=100  1\$aZeballos, Angel María.
=245  13$aEl cancelario y la facultad de teologia.
=250  \\$a3. ed.
=260  \\$aCochabamba,$bImpr. de la Luz,$c1887.
=300  \\$a29 p.$c20 cm.
=650  \0$aTheology$xStudy and teaching$zBolivia$zCochabamba.
=994  \\$a02$bUIU
=955  \\$bark:/13960/t6063rv4w$qelcancelarioylaf00zeba
=852  8\$beresour-nc$hOnline Resource$t1
=856  41$3Full text - HathiTrust Digital Library$uhttps://hdl.handle.net/2027/uiuo.ark:/13960/t6063rv4w

