=LDR  01057cam a2200289Ia 4500
=001  2310110
=005  20030805121828.0
=008  900530s1870\\\\sp\\\\\\\\\\\\000\0\spa\d
=003  UIUdb
=035  \\$a(OCoLC)ocm11966633
=040  \\$aNOC$cNOC$dUIU
=035  \\$9AQS-4289
=035  \\$9UC 14014492
=090  \\$aPQ6217$b.T44 v. 270, no. 17
=049  \\$aUIUU
=100  1\$aJackson Cortés, Eduardo,$d1826-1890.
=245  13$aEl niño de noventa años :$bcomedia en dos actos y en prosa /$cde Eduardo Jackson Cortés.
=260  \\$aMadrid :$bImpr. de J. Rodríguez,$c1870.
=300  \\$a49 p. ;$c20 cm.
=500  \\$aImprint on cover: Madrid : El Teatro : Administración Lírico-dramática, 1870.
=500  \\$aNo. 17, in vol. 270 with binder's title: Teatro Español : serie A.
=910  \\$arcp3697
=994  \\$a02$bUIU
=910  \\$aMARS
=955  \\$bark:/13960/t1bk7kd3j$qelninodenoventaa00jack
=852  8\$beresour-nc$hOnline Resource$t1
=856  41$3Full text - HathiTrust Digital Library$uhttps://hdl.handle.net/2027/uiuo.ark:/13960/t1bk7kd3j

