=LDR  01134nam a2200289Ia 4500
=001  5542435
=005  20080303091711.0
=008  080303s1920\\\\ck\\\\\\\b\\\\000\0\spa\d
=003  UIUdb
=035  \\$a(OCoLC)ocn212623592
=040  \\$aUIU$cUIU$dUIU
=092  \\$a341.222$bB45p
=049  \\$aUIUU
=100  1\$aBernal Jiménez, Rafael,$d1898-1974.
=245  13$aEl Pacto de la Liga y la nueva organización internacional /$cRafael Bernal Jiménez.
=260  \\$aBogota :$bAguila Negra,$c1920.
=300  \\$a71 p. ;$c24 cm.
=500  \\$a"Estudio declarado fuéra de concurso en el abierto en 1920 por la Sociedad Jurídica de la Faculdad Nacional de Derecho y Ciencias Políticas"--cover.
=504  \\$aIncludes bibliographical references.
=610  20$aLeague of Nations.$tCovenant.
=610  20$aLeague of Nations.
=650  \0$aInternational organization.
=650  \0$aInternational cooperation.
=994  \\$aC0$bUIU
=955  \\$bark:/13960/t0zq07n80$qelpactodelaligay00bern
=852  8\$beresour-nc$hOnline Resource$t1
=856  41$3Full text - HathiTrust Digital Library$uhttps://hdl.handle.net/2027/uiuo.ark:/13960/t0zq07n80

