=LDR  00612nam a22001931  4500
=001  3197609
=005  20020415164945.0
=008  910722s1869\\\\cl\\\\\\\\\\\\00000\spa\d
=003  UIUdb
=035  \\$a(OCoLC)ocm24111065
=035  \\$9AUM-9065
=040  \\$aRQR$cRQR
=100  20$aArteaga Alemparte, Justo,$d1834-1882.
=245  03$aEl partido catolico.
=260  1\$aSantiago de Chile,$c1869.
=300  \\$a64 p.$c22 cm.
=955  \\$bark:/13960/t3pw2q10p$qelpartidocatolic00arte
=852  8\$beresour-nc$hOnline Resource$t1
=856  41$3Full text - HathiTrust Digital Library$uhttps://hdl.handle.net/2027/uiuo.ark:/13960/t3pw2q10p

