=LDR  00879cam a2200289M  4500
=001  2310377
=005  20030809060907.0
=008  900530s1790\\\\sp\\\\\\\\\\\\000\0\spa\d
=003  UIUdb
=035  \\$a(OCoLC)ocm23638629
=040  \\$aEYM$cEYM$dUIU
=035  \\$9AQS-4556
=035  \\$9UC 14041317
=050  \4$aPQ 6120$b.P3 P8 1790
=049  \\$aUIUU
=100  1\$aPérez de Montalván, Juan,$d1602-1638.
=245  13$aEl principe de los montes,$bcomedia famosa.
=260  \\$a[Barcelona :$bF. Suriá y Burgade,$cca.1790]
=300  \\$a[32] p.$c22cm.
=500  \\$aCaption title.
=500  \\$a"Num. 143."
=910  \\$arcp1117
=994  \\$a02$bUIU
=910  \\$aMARS
=955  \\$bark:/13960/t1ck4mm68$qelprincipedelosm00pere
=852  8\$beresour-nc$hOnline Resource$t1
=856  41$3Full text - HathiTrust Digital Library$uhttps://hdl.handle.net/2027/uiuo.ark:/13960/t1ck4mm68

