=LDR  00829cam a2200241Ia 4500
=001  2155842
=005  20110317114233.0
=008  900530s1915\\\\mx\\\\\\\\\\\\000\0\spa\d
=003  UIUdb
=035  \\$a(OCoLC)ocn707634292
=040  \\$aUIU$cUIU
=049  \\$aUIUU
=100  1\$aPaz, Eduardo.
=245  10$aEl problema militar desde un nuevo punto de vista /$cpor el C. Eduardo Paz.
=260  \\$aMéxico :$bTip. Mercantil,$c1915.
=300  \\$a16 p. ;$c23 cm.
=500  \\$aAt head of title: Un interesante asunto de actualidad.
=546  \\$aText in Spanish.
=650  \0$aMilitary art and science$zMexico.
=994  \\$aC0$bUIU
=955  \\$bark:/13960/t7sn6df0g$qelproblemamilita00paze
=852  8\$beresour-nc$hOnline Resource$t1
=856  41$3Full text - HathiTrust Digital Library$uhttps://hdl.handle.net/2027/uiuo.ark:/13960/t7sn6df0g

