=LDR  00741nam a2200217   4500
=001  3197529
=005  20020415164945.0
=008  910716s1916\\\\ag\\\\\\\\\\\\00000\spa\\
=003  UIUdb
=035  \\$a(OCoLC)ocm24082515
=035  \\$9AUM-8976
=040  \\$aDLC$cRQR$dRQR
=050  0\$aF3011.R5$bR4
=100  10$aReyes, César.
=245  13$aEl sitio de La Rioja de 1862 ...
=260  0\$aLa Rioja,$bTalleres tip. de P. Giraud,$c1916.
=300  \\$a1 p. l., [5]-136 p., 1 l.$bfold. front.$c18 cm.
=651  \0$aLa Rioja (Argentina)$xSiege, 1862.
=955  \\$bark:/13960/t4zh2v91c$qelsitiodelarioja00reye
=852  8\$beresour-nc$hOnline Resource$t1
=856  41$3Full text - HathiTrust Digital Library$uhttps://hdl.handle.net/2027/uiuo.ark:/13960/t4zh2v91c

