=LDR  00666cam a2200205 a 4500
=001  3412142
=005  20020415165044.0
=008  831001s1919\\\\cr\c\\\\\\\\\\000\0\spa\d
=003  UIUdb
=035  \\$a(OCoLC)ocm09972334
=035  \\$9AWA-1774
=040  \\$aKKU$cKKU$dRQR
=100  1\$aSoler, Francisco.
=245  13$aEl último madrigal /$cFrancisco Soler.
=260  \\$aSan José, Costa Rica :$b[s.n.],$c1919.
=300  \\$a45 p. :$bport. ;$c16 cm.
=500  \\$aDrama.
=955  \\$bark:/13960/t46q83k59$qelultimomadrigal00sole
=852  8\$beresour-nc$hOnline Resource$t1
=856  41$3Full text - HathiTrust Digital Library$uhttps://hdl.handle.net/2027/uiuo.ark:/13960/t46q83k59

