=LDR  01584cam a2200349Ii 4500
=001  6214427
=005  20100520090151.0
=008  770928s1915\\\\pau\\\\\\b\\\s000\0\eng\d
=003  UIUdb
=035  \\$a(OCoLC)ocm03302768
=040  \\$aEYP$cEYP$dOCL$dOCLCQ$dAMAZN
=043  \\$an-us-pa
=050  \4$aHV8929.P3$bA5 1915
=049  \\$aUIUU
=110  1\$aPennsylvania.$bPenal Commission.
=245  10$aEmployment and compensation of prisoners in Pennsylvania :$breport /$cof the Penal Commission appointed under authority of an act approved July 25, 1915.
=260  \\$aHarrisburg, Pa. :$bW.S. Ray, State Printer,$c1915.
=300  \\$a112 p. ;$c24 cm.
=500  \\$aEdwin M. Abbot, Chairman.
=504  \\$a"Reading list on outdoor employment of convicts supplied by the Division of Bibliography, Library of Congress": p. 100-112.
=500  \\$a"Prison labor legislation in Pennsylvania, 1676-1914": p. 51-63.
=650  \0$aPrisons$xLaw and legislation$zPennsylvania.
=650  \0$aConvict labor$zPennsylvania.
=650  \0$aConvict labor$vBibliography.
=700  1\$aAbbott, Edwin M.,$d1877-
=710  1\$aPennsylvania.
=776  08$iOnline version:$aPennsylvania. Penal Commission.$tEmployment and compensation of prisoners in Pennsylvania.$dHarrisburg, Pa. : W.S. Ray, State Printer, 1915$w(OCoLC)573341029
=938  \\$aAMAZON$bAMZN$nB0037HO4GY
=994  \\$aC0$bUIU
=955  \\$bark:/13960/t7jq75z06$qemploymentcompen00penn_0
=852  8\$beresour-nc$hOnline Resource$t1
=856  41$3Full text - HathiTrust Digital Library$uhttps://hdl.handle.net/2027/uiuo.ark:/13960/t7jq75z06

