=LDR  01548cam a2200397Ia 4500
=001  2637044
=005  20170724132211.0
=008  900530s1873\\\\gw\\\\\\\b\\\\000\0\ger\d
=003  UIUdb
=035  \\$a(OCoLC)ocm07579527
=040  \\$aBUF$beng$cBUF$dOCLCQ$dOCLCG$dDEBBG$dOCLCQ$dOCLCF$dOCLCO
=050  \4$aB2787.Z7$bK5 1873
=084  \\$a5,1$2ssgn
=084  \\$aBF 1950$2rvk
=084  \\$aCB 4000$2rvk
=084  \\$aCF 5015$2rvk
=049  \\$aUIUU
=100  1\$aKirchmann, J. H. von$q(Julius Hermann),$d1802-1884.
=245  10$aErläuterungen zu Kant's Prolegomenen :$bzu einer jeden künftigen Metaphysik, die als Wissenschaft wird auftreten können /$cvon J.H. von Kirchmann.
=260  \\$aLeipzig :$bL. Heimann (E. Koschny),$c1873.
=300  \\$aviii, 98 pages ;$c21 cm.
=336  \\$atext$btxt$2rdacontent
=337  \\$aunmediated$bn$2rdamedia
=338  \\$avolume$bnc$2rdacarrier
=490  0\$aPhilosophische Bibliothek ;$vHeft 104.-105
=504  \\$aIncludes bibliographical references.
=600  10$aKant, Immanuel,$d1724-1804.$tProlegomena.
=600  17$aKant, Immanuel.$2swd
=650  07$aMetaphysik.$2swd
=630  07$aProlegomena (Kant, Immanuel)$2fast$0(OCoLC)fst01356064
=600  17$aKant, Immanuel,$d1724-1804.$0(DE-588)118559796$2gnd
=650  07$aMetaphysik.$0(DE-588)4038936-4$2gnd
=994  \\$aC0$bUIU
=955  \\$bark:/13960/t7pp59m5x$qerlauterungenzuk00kirc
=852  8\$beresour-nc$hOnline Resource$t1
=856  41$3Full text - HathiTrust Digital Library$uhttps://hdl.handle.net/2027/uiuo.ark:/13960/t7pp59m5x

