=LDR  00852cam a2200253Ma 4500
=001  2641455
=005  20170724132840.0
=008  900530s1882\\\\gw\\\\\\\\\\\\000\1\ger\d
=003  UIUdb
=035  \\$a(OCoLC)ocm81300895
=040  \\$aPPG$beng$cPR7$dOCLCQ
=050  \4$aPT3919.S44$bE76 1882
=049  \\$aUIUU
=100  1\$aSartorius, E.,$d1839-1928.
=245  10$aErnstes und Heiteres :$bin Prosa und Versen /$cvon E. Sartorius.
=260  \\$aLeipzig :$bSiegismund & Volkening,$c1882.
=300  \\$a214 pages ;$c18 cm
=336  \\$atext$btxt$2rdacontent
=337  \\$aunmediated$bn$2rdamedia
=338  \\$avolume$bnc$2rdacarrier
=994  \\$aC0$bUIU
=955  \\$bark:/13960/t0103cn85$qernstesundheiter00sart
=852  8\$beresour-nc$hOnline Resource$t1
=856  41$3Full text - HathiTrust Digital Library$uhttps://hdl.handle.net/2027/uiuo.ark:/13960/t0103cn85

