=LDR  00600nam a22001931  4500
=001  3416471
=005  20020415165045.0
=008  911205s1874\\\\ag\\\\\\\\\\\\000\0\spa\d
=003  UIUdb
=035  \\$a(OCoLC)ocm24896395
=035  \\$9AWA-6452
=040  \\$aRQR$cRQR
=110  2\$aSociedad Educacionista Buenos Aires.
=245  00$aEstatutos provisorios.
=260  \\$aBuenos Aires,$c1874.
=300  \\$a15 p.
=955  \\$bark:/13960/t0gv1t477$qestatutosproviso00soci
=852  8\$beresour-nc$hOnline Resource$t1
=856  41$3Full text - HathiTrust Digital Library$uhttps://hdl.handle.net/2027/uiuo.ark:/13960/t0gv1t477

