=LDR  00906cam a2200277K  4500
=001  2297022
=005  20140515115553.0
=008  900530r1907uuuufr\\\\\\\\\\\\000\0\fre\d
=003  UIUdb
=035  \\$a(OCoLC)ocm44042996
=040  \\$aYUS$cYUS$dUIU
=035  \\$9AQR-1179
=035  \\$9UC 03085541
=049  \\$aUIUU
=100  1\$aChauffard, Émile.
=245  10$aÉtudes de sociologie coloniale.$bLes populations indigènes du Cambodge & du Laos.$cPar Émile Chauffard [et autres] ...
=260  \\$aParis,$c1907.
=300  \\$a36 p.$c25 cm.
=500  \\$aCover-title.
=500  \\$a"Extrait de la Revue internationale de sociologie."
=910  \\$arcp3604
=994  \\$a02$bUIU
=910  \\$aMARS
=955  \\$bark:/13960/t26b3br6p$qetudesdesociolog00chau
=852  8\$beresour-nc$hOnline Resource$t1
=856  41$3Full text - HathiTrust Digital Library$uhttps://hdl.handle.net/2027/uiuo.ark:/13960/t26b3br6p

