=LDR  01056cam a22002537a 4500
=001  6919513
=005  20120627125642.0
=008  960930s1883\\\\xxu\\\\\\\\\\\000\0\eng\\
=003  UIUdb
=010  \\$a   96202438 
=035  \\$a(OCoLC)ocm35667472
=040  \\$aDLC$cDLC$dOCLCG
=050  00$aYA 19900
=049  \\$aUIUU
=100  1\$aChester, John,$d1832-1910.
=245  10$aEulogy on the late Rev. Edwin R. Bower, D.D., John C. Baldwin professor of theology, professor of the Connection between Science and Religion, dean of Lincoln University :$bdelivered before the Philosophian Literary Society of Lincoln University, Pa., December 7, 1883 /$cby John Chester.
=260  \\$a[United States :$bs.n.,$c1883?]
=300  \\$a11 p. ;$c22 cm.
=600  10$aBower, Edwin R.
=710  2\$aYA Pamphlet Collection (Library of Congress)$5DLC
=994  \\$aC0$bUIU
=955  \\$bark:/13960/t8hf4223t$qeulogyonlatereve00ches
=852  8\$beresour-nc$hOnline Resource$t1
=856  41$3Full text - HathiTrust Digital Library$uhttps://hdl.handle.net/2027/uiuo.ark:/13960/t8hf4223t

