=LDR  00900cam a22002771  4500
=001  2081779
=005  20071115224734.0
=008  900530r1872uuuuenk\\\\\\\\\\\\\\\\\eng\u
=003  UIUdb
=035  \\$a(OCoLC)ocm67315717
=035  \\$9APV-2978
=035  \\$9UC 12098761
=035  \\$auil00021830
=040  \\$dUtOrBLW
=100  1\$aAinsworth, William,$d1807-1896.
=245  14$aThe Euphrates Valley Railway ...
=260  \\$aLondon,$c1872.
=300  \\$a70 p. :$bill., (map) ;$ccm.
=500  \\$a"Reprinted from Colburn's new monthly magazine."
=610  20$aEuphrates Valley Railway.
=911  \\$1m$2APV-2978$3UC 12098761$46/4/2004 10:34:57$a385.42 AI66E
=913  \\$135351
=910  \\$aMARS
=955  \\$bark:/13960/t8x98dq97$qeuphratesvalleyr00ains
=852  8\$beresour-nc$hOnline Resource$t1
=856  41$3Full text - HathiTrust Digital Library$uhttps://hdl.handle.net/2027/uiuo.ark:/13960/t8x98dq97

