=LDR  00934cam a2200301K  4500
=001  2075263
=005  20030806073439.0
=008  900530s1914\\\\gw\a\\\\\bm\\\000\0\ger\d
=003  UIUdb
=035  \\$a(OCoLC)ocm44730495
=040  \\$aNYP$cNYP$dUIU
=035  \\$9APU-6450
=035  \\$9UC 07079459
=049  \\$aUIUU
=100  1\$aRose,Gustav,$d1889-
=245  10$aExperimentelle Untersuchungen über das topische Gedächtnis ...$cvon Gustav Rose ...
=260  \\$aGöttingen,$c1914.
=300  \\$a73 p. incl. diagrs., tables.$c8vo.
=502  \\$aDissertation--Göttingen.
=500  \\$aLebenslauf.
=504  \\$aBibliography, p. 72-73.
=650  \4$aMemory.
=910  \\$arcp3573
=994  \\$a02$bUIU
=910  \\$aMARS
=955  \\$bark:/13960/t80k8kt6k$qexperimentelleun00rose
=852  8\$beresour-nc$hOnline Resource$t1
=856  41$3Full text - HathiTrust Digital Library$uhttps://hdl.handle.net/2027/uiuo.ark:/13960/t80k8kt6k

