=LDR  00984cam a2200289Ii 4500
=001  2110838
=005  20030804065744.0
=008  900530s1845\\\\riu\\\\\\\\\\\000\0\eng\d
=003  UIUdb
=035  \\$a(OCoLC)ocm02679051
=040  \\$aSMI$cSMI$dOCL$dUIU
=035  \\$9APY-2197
=035  \\$9UC 12098083
=090  \\$aHE2791.P96$bA1 1845
=049  \\$aUIUU
=110  2\$aProvidence and Worcester Railroad Company.
=245  10$aFacts and estimates relative to the business on the route of the contemplated Providence and Worcester rail road.
=260  \\$aProvidence :$bKnowles & Vose,$c1845.
=300  \\$a31 p. ;$c24 cm.
=500  \\$aFirst published 1844.
=610  20$aProvidence and Worcester Railroad Company.
=910  \\$arcp3902
=994  \\$a02$bUIU
=910  \\$aMARS
=955  \\$bark:/13960/t8wb1d077$qfactsestimatesre00prov
=852  8\$beresour-nc$hOnline Resource$t1
=856  41$3Full text - HathiTrust Digital Library$uhttps://hdl.handle.net/2027/uiuo.ark:/13960/t8wb1d077

