=LDR  01977cam a2200361Ia 4500
=001  2070673
=005  20030801180418.0
=008  900530m18951926sz\\\\\\\b\\\\001\0\ger\d
=003  UIUdb
=035  \\$a(OCoLC)ocm11480924
=040  \\$aKKU$cKKU$dOCL$dUIU
=035  \\$9APU-1855
=035  \\$9UC 04044217
=090  \\$aZ2771$b.B58 1892 Fasc. IV6
=049  \\$aUIUU
=245  00$aFauna helvetica /$czusammengestellt durch Theophil Studer ; unter Mitwirkung der Schweizerischen zooligischen Gesellschaft.
=260  \\$aBern :$bK.J. Wyss,$c1895-1926.
=300  \\$a9 v. ;$c22 cm.
=490  1\$aBibliographie der schweizerischen Landeskunde ;$vFasc. IV6
=500  \\$aPrefaces and tables of contents in French and German.
=500  \\$aIssued also with title pages in French.
=500  \\$aIncludes indexes.
=505  0\$a[Heft 1.] Bibliografia sulla fauna della Svizzera italiana / redatta per cura del Dr. A. Lenticchia -- 2. Heft. Seenfauna / zusammengestellt von F. Zschokke -- Heft 3a. Säugethiere / zusammengestellt durch H. Fischer-Sigwart -- 4e Cahier. Oiseaux / élaboré par Théophile Studer -- 5e Cahier. Reptiles et amphibies / élaboré par H. Fischer-Sigwart -- Cahier 5c. Poissons / élaboré par H. Fischer-Sigwart -- 6e Cahier. Mollusques / élaboré par Th. Studer, G. Amstein, A. Brot -- Cahier 7a. Insecta / rédigé par Théod. Steck -- Heft 8. Parasitische Würmer / zusammengestellt von F. Zschokke -- 9. Heft. Crustacea, Bryozoa, ... Protozoa.
=650  \0$aZoology$zSwitzerland$vBibliography.
=700  1\$aStuder, Théophile.
=710  2\$aSchweizerische Zoologische Gesellschaft.
=830  \0$aBibliographie der schweizerischen Landeskunde ;$vFasc. 4, 6.
=910  \\$arcp3254
=994  \\$a02$bUIU
=910  \\$aMARS
=955  \\$bark:/13960/t83j9p95k$qfaunahelvetica04stud$vv.4
=852  8\$beresour-nc$hOnline Resource$t1
=856  41$3Full text - HathiTrust Digital Library$uhttps://hdl.handle.net/2027/uiuo.ark:/13960/t83j9p95k

