=LDR  01286cam a2200361I  4500
=001  2638657
=005  20030722044053.0
=008  900530r19181918ilu\\\\\\b\\\\000\0\eng\c
=003  UIUdb
=010  \\$a   18022456 
=035  \\$a(OCoLC)ocm14644109
=040  \\$aUniv. of Chicago Library$cWAU$dWAU$dUIU
=035  \\$9ARZ-9257
=035  \\$9UC 05088945
=050  0\$aQK827$b.W4
=049  \\$aUIUU
=100  1\$aWeniger, Wanda.
=245  10$aFertilization in Lilium ...$cby Wanda Weniger ...
=260  \\$a[Chicago,$c1918]
=300  \\$a1 p. l., p. 259-268. pl. XI-XIII.$c24 cm.
=502  \\$aThesis (PH. D.)--University of Chicago, 1918.
=500  \\$a"Private edition, distributed by the University of Chicago libraries, Chicago, Illinois."
=500  \\$a"Reprinted from the Botanical gazette, vol. LXVI, no. 3, September 1918."
=500  \\$a"Contributions from the Hull botanical laboratory 243."
=504  \\$a"Literature cited": p. 266-267.
=650  \0$aFertilization of plants.
=650  \0$aLilies.
=910  \\$arcp6088
=994  \\$a02$bUIU
=910  \\$aMARS
=955  \\$bark:/13960/t80k8kk0j$qfertilizationinl00weni
=852  8\$beresour-nc$hOnline Resource$t1
=856  41$3Full text - HathiTrust Digital Library$uhttps://hdl.handle.net/2027/uiuo.ark:/13960/t80k8kk0j

