=LDR  00855cam a22002291  4500
=001  2069645
=005  20071202222754.0
=008  900530s1881\\\\ohu\\\\\\\\\\\\\\\\\ger\u
=003  UIUdb
=035  \\$a(OCoLC)ocm77210247
=035  \\$9APU-0823
=035  \\$9UC 03066340
=035  \\$aurb00092920
=040  \\$dUtOrBLW
=100  1\$aHundt, Ferdinand.
=245  10$aFestpredigt, gehalten bei der sechsundzwanzigsten feier des Deutschen röm. kath. central-vereins in der Muttergotteskirche, Covington, Ky., am 25. september 1881.
=260  \\$aCincinnati, Ohio,$c1881.
=300  \\$a12 p. ;$ccm.
=610  20$aNational Federation of German American Catholics.
=955  \\$bark:/13960/t56f22c1h$qfestpredigtgehal00hund
=852  8\$beresour-nc$hOnline Resource$t1
=856  41$3Full text - HathiTrust Digital Library$uhttps://hdl.handle.net/2027/uiuo.ark:/13960/t56f22c1h

