=LDR  00931cam a2200265K  4500
=001  2067120
=005  20030802161150.0
=008  900530s1865\\\\ie\\\\\\\\\\\\000\0\eng\d
=003  UIUdb
=035  \\$a(OCoLC)ocm43926819
=040  \\$aNYP$cNYP$dUIU
=035  \\$9APT-8291
=035  \\$9UC 01049553
=049  \\$aUIUU
=100  1\$aO'Conor Don, Charles Owen O'Conor,$d1838-1906.
=245  12$aA few remarks on the evidence received by the Irish Taxation Committee.$bTogether with a brief review of the subject.$cBy the O'Conor Don, M.P.
=260  \\$aDublin :$bJ.F. Fowler,$c1865.
=300  \\$aiii, 95 p.$c20 cm.
=650  \4$aFinance$zGreat Britain$zIreland, 1865.
=910  \\$arcp3211
=994  \\$a02$bUIU
=910  \\$aMARS
=955  \\$bark:/13960/t0cw0qn7r$qfewremarksonevid00ocon
=852  8\$beresour-nc$hOnline Resource$t1
=856  41$3Full text - HathiTrust Digital Library$uhttps://hdl.handle.net/2027/uiuo.ark:/13960/t0cw0qn7r

