=LDR  00920cam a2200277I  4500
=001  2065060
=005  20030730160322.0
=008  900530s1862\\\\gw\\\\\\\\\\\\000\0\ger\d
=003  UIUdb
=035  \\$a(OCoLC)ocm05968641
=040  \\$aTJC$cTJC$dGZM$dUIU
=035  \\$9APT-6226
=035  \\$9UC 00018780
=090  \\$aB2848$b.K63
=049  \\$aUIUU
=100  1\$aKöstlin, Karl Reinhold von,$d1819-1894.
=245  10$aFichte, ein Lebensbild;$bRede am 19.$cMai 1862 zu Tübingen gehalten von Karl Köstlin.
=260  \\$aTübingen :$bH. Laupp,$c1862.
=300  \\$a29 p.$c21 cm.
=600  10$aFichte, Johann Gottlieb,$d1762-1814$xAnniversaries, 1862.
=910  \\$arcp2543
=994  \\$a02$bUIU
=910  \\$aMARS
=955  \\$bark:/13960/t9868qq0z$qfichteeinlebensb00kost
=852  8\$beresour-nc$hOnline Resource$t1
=856  41$3Full text - HathiTrust Digital Library$uhttps://hdl.handle.net/2027/uiuo.ark:/13960/t9868qq0z

