=LDR  01189cam a2200301Ma 4500
=001  7191991
=005  20130411084010.0
=008  120625s1876\\\\ohu\\\\\\cr\\\000\0deng\d
=003  UIUdb
=035  \\$a(OCoLC)ocn806274271
=040  \\$aMWA$cAQM$dUIU
=043  \\$an-us-ar
=049  \\$aUIUU
=110  2\$aJudson University (Judsonia, Ark.)
=245  10$aFirst annual catalogue of Judson University, Judsonia, White Country, Arkansas. 1875-76.
=260  \\$aColumbus :$bNevins & Myers, Book Printers,$c1876.
=300  \\$a28 p. ;$c23 cm.
=500  \\$aIncludes address by T.B. Espy.
=610  20$aJudson University (Judsonia, Ark.)$vCurricula$vCatalogs.
=610  20$aJudson University (Judsonia, Ark.)$xStudents$vDirectories.
=610  20$aJudson University (Judsonia, Ark.)$xFaculty.
=650  \0$aChristian universities and colleges$xCurricula$zArkansas$zJudsonia.
=700  1\$aEspy, Thomas Benton,$d1837-1881.
=752  \\$aUnited States$bOhio$dColumbus.
=994  \\$aC0$bUIU
=955  \\$bark:/13960/t6k13942p$qfirstannualcatal00juds
=852  8\$beresour-nc$hOnline Resource$t1
=856  41$3Full text - HathiTrust Digital Library$uhttps://hdl.handle.net/2027/uiuo.ark:/13960/t6k13942p

