=LDR  00842cam a22002651  4500
=001  2065669
=005  20071202222604.0
=008  900530s1907\\\\xx\\\\\\\\\\\\\\\\\deng\u
=003  UIUdb
=035  \\$a(OCoLC)ocm77209970
=035  \\$9APT-6837
=035  \\$9UC 00067815
=035  \\$auil00043639
=040  \\$dUtOrBLW
=100  1\$aBurnett, John Franklin,$d1851-
=245  10$aFootprints of the Nazarene, or, Scenes in the life of Christ.
=260  \\$a[S.l.,$c1907?]
=300  \\$a123 p. :$bport. ;$ccm.
=600  00$aJesus Christ.
=911  \\$1m$2APT-6837$3UC 00067815$46/23/2004 8:13:16$a232 B93F
=913  \\$153996
=910  \\$aMARS
=955  \\$bark:/13960/t7xm4hs9p$qfootprintsofnaza00burn
=852  8\$beresour-nc$hOnline Resource$t1
=856  41$3Full text - HathiTrust Digital Library$uhttps://hdl.handle.net/2027/uiuo.ark:/13960/t7xm4hs9p

