=LDR  01196cam a22003251  4500
=001  2587419
=005  20071205230253.0
=008  900530r19191919pau\\\\\\\\\\\\\\\\\eng\u
=003  UIUdb
=035  \\$a(OCoLC)ocm77307126
=035  \\$9ARU-7742
=035  \\$9UC 01097815
=035  \\$ashi00014000
=040  \\$dUtOrBLW
=100  1\$aStory, Russell McCulloch.
=245  10$aForeign governments and politics ... :$bobservations on soviet government.
=260  \\$a[Philadelphia,$c1919]
=300  \\$ap. 460-467 ;$ccm.
=500  \\$aCaption title.
=500  \\$aEd. by Frederic A. Ogg.
=500  \\$a"Reprinted from the American political science review, vol. XIII, no. 3, August 1919."
=590  \\$aBound with: Story, R. M. Russia, present and future [1919].
=651  \0$aRussia$xPolitics and government.
=651  \0$aRussia$xConstitution and government.
=700  1\$aOgg, Frederic Austin.
=911  \\$a320.947 ST7R$1m$2ARU-7742$3UC 01097815$44/7/2004 14:02:59
=910  \\$aMARS
=955  \\$bark:/13960/t6354vv81$qforeigngovernmen00stor_0
=852  8\$beresour-nc$hOnline Resource$t1
=856  41$3Full text - HathiTrust Digital Library$uhttps://hdl.handle.net/2027/uiuo.ark:/13960/t6354vv81

