=LDR  01048cam a2200313I  4500
=001  2066524
=005  20030719124946.0
=008  900530s1883\\\\ohu\\\\\\\\\\\000\0\eng\\
=003  UIUdb
=010  \\$a   27010746 
=035  \\$a(OCoLC)ocm02772470
=040  \\$aDLC$cPKT$dPKT$dWIH$dUIU
=035  \\$9APT-7692
=035  \\$9UC 01008353
=050  0\$aBV772$b.H2
=049  \\$aUIUU
=100  1\$aHall, John,$d1829-1898.
=245  10$aFour lectures on the religious use of property /$cby John Hall.
=260  \\$aCleveland :$bLeader Printing Co.,$c1883.
=300  \\$a32 p. ;$c23 cm.
=500  \\$aRepublished by the General Assembly's Committee on Systematic Beneficence of the Presbyterian Church.
=650  \0$aStewardship, Christian.
=740  0\$aReligious use of property.
=910  \\$arcp6088
=994  \\$a02$bUIU
=910  \\$aMARS
=955  \\$bark:/13960/t6160sv8d$qfourlecturesonre00hall
=852  8\$beresour-nc$hOnline Resource$t1
=856  41$3Full text - HathiTrust Digital Library$uhttps://hdl.handle.net/2027/uiuo.ark:/13960/t6160sv8d

