=LDR  00930cam a2200277Ia 4500
=001  2125914
=005  20030805132609.0
=008  900530r1921uuuuilu\\\\\\\\\\\000\0\eng\d
=003  UIUdb
=035  \\$a(OCoLC)ocm45429412
=040  \\$aIXA$cIXA$dUIU
=035  \\$9APZ-7388
=035  \\$9UC 12058671
=049  \\$aUIUU
=245  00$aFreight rates and business conditions :$btwo editorials from the Galveston (Texas) news.
=260  \\$aChicago :$bReprinted by the Association of Railway Executives,$c[1921]
=300  \\$a6 p. ;$c23 cm.
=500  \\$aCover title.
=650  \0$aRailroads$zUnited States$xRates.
=710  2\$aAssociation of Railway Executives (U.S.)
=910  \\$arcp3902
=994  \\$a02$bUIU
=910  \\$aMARS
=955  \\$bark:/13960/t74v2tf7g$qfreightratesbusi00asso
=852  8\$beresour-nc$hOnline Resource$t1
=856  41$3Full text - HathiTrust Digital Library$uhttps://hdl.handle.net/2027/uiuo.ark:/13960/t74v2tf7g

