=LDR  00836cam a2200265M  4500
=001  2129916
=005  20080115194156.0
=008  900530s1890\\\\sz\\\\\\\\\\\\000\0\ger\d
=003  UIUdb
=035  \\$a(OCoLC)ocm61674324
=040  \\$aMH$cSTF
=029  1\$aNLGGC$b063191032
=035  \\$9uc 00047989
=035  \\$9AQA-1406
=049  \\$aUIUU
=100  1\$aBösch, J. M.
=245  10$aFriedrich Albert Lange und sein "Standpunkt des ideals" /$cvon J.M. Bösch..
=260  \\$aFrauenfeld :$bJ. Huber,$c1890.
=300  \\$a94 p. ;$c23 cm.
=600  10$aLange, Friedrich Albert,$d1828-1875.
=699  \9$a193L26YB
=994  \\$a92$bUIU
=955  \\$bark:/13960/t4dp0bv39$qfriedrichalbertl00bosc
=852  8\$beresour-nc$hOnline Resource$t1
=856  41$3Full text - HathiTrust Digital Library$uhttps://hdl.handle.net/2027/uiuo.ark:/13960/t4dp0bv39

