=LDR  00822cam a2200265K  4500
=001  2129948
=005  20030731014254.0
=008  900530s1898\\\\gw\\\\\\\\\\\\000\0\ger\d
=003  UIUdb
=035  \\$a(OCoLC)ocm38037113
=040  \\$aNYP$cNYP$dUIU
=035  \\$9AQA-1438
=035  \\$9UC 00048594
=049  \\$aUIUU
=100  1\$aWaldmann, Wilhelm.
=245  10$aFriedrich Nietzsche.$bEin Blick in seine Werke vom Standpunkte eines Laien.
=260  \\$aLeipzig :$bF. Fleischer,$c1898.
=300  \\$a32 pp.$c8vo.
=600  14$aNietzsche, Friedrich Wilhelm.
=910  \\$arcp0792
=994  \\$a02$bUIU
=910  \\$aMARS
=955  \\$bark:/13960/t1ck4mc26$qfriedrichnietzsc00wald
=852  8\$beresour-nc$hOnline Resource$t1
=856  41$3Full text - HathiTrust Digital Library$uhttps://hdl.handle.net/2027/uiuo.ark:/13960/t1ck4mc26

