=LDR  00883cam a2200265La 4500
=001  1788006
=005  20030801040659.0
=008  900530s1882\\\\gw\\\\\\\\\\\\000\0\ger\d
=003  UIUdb
=035  \\$a(OCoLC)ocm14015855
=040  \\$aUBY$cUBY$dUIU
=035  \\$9AOE-4936
=035  \\$9UC 11068687
=049  \\$aUIUU
=245  00$aFr. W. Weber :$bsein Leben und seine Werke im Spiegel der Kritik.
=260  \\$aPaderborn :$bSchöningh,$c1882.
=300  \\$a32 p. ;$c16 cm.
=501  \\$aWith: Dreizehnlinden / von F.W. Weber.
=600  10$aWeber, F. W.$q(Friedrich Wilhelm),$d1813-1894$xCriticism and interpretation.
=910  \\$arcp2268
=994  \\$a02$bUIU
=910  \\$aMARS
=955  \\$bark:/13960/t9x129p1x$qfrwweberseinlebe00unse
=852  8\$beresour-nc$hOnline Resource$t1
=856  41$3Full text - HathiTrust Digital Library$uhttps://hdl.handle.net/2027/uiuo.ark:/13960/t9x129p1x

