=LDR  00852cam a2200253K  4500
=001  2067537
=005  20030730181942.0
=008  900530s1908\\\\enk\\\\\\\\\\\000\0\eng\d
=003  UIUdb
=035  \\$a(OCoLC)ocm40379713
=040  \\$aCGU$cCGU$dOCLCQ$dUIU
=035  \\$9APT-8709
=035  \\$9UC 01080722
=049  \\$aUIUU
=111  2\$aNational Conference on Guilds of Help$n(1st :$d1908 :$cBradford, England)
=245  10$aFull report of papers by officials of the Bradford, Eccles, Halifax, and Manchester guilds, with discussions ...
=260  \\$aLondon,$c[1908]
=300  \\$a56 p.
=910  \\$arcp1117
=994  \\$a02$bUIU
=910  \\$aMARS
=955  \\$bark:/13960/t54f80m8v$qfullreportofpape00nati
=852  8\$beresour-nc$hOnline Resource$t1
=856  41$3Full text - HathiTrust Digital Library$uhttps://hdl.handle.net/2027/uiuo.ark:/13960/t54f80m8v

