=LDR  01017cam a2200241I  4500
=001  6433312
=005  20110106134539.0
=008  740204s1824\\\\nyu\\\\\\\\\\\000\0\eng\d
=003  UIUdb
=035  \\$a(OCoLC)ocm00789139
=040  \\$aCOO$cCOO$dOCLCQ$dOCLCG
=090  \\$aCT211$b.A52 v.4, no.7
=049  \\$aUIUU
=100  1\$aSpring, Gardiner,$d1785-1873.
=245  12$aA funeral sermon, occasioned by the death of the Rev. Philip Melancthon Whelpley,$bpastor of the First Presbyterian Church in the City of New-York, preached in that church on the 26th day of July, 1824, together with an address delivered at his funeral.
=260  \\$aNew York,$bsold by J.P. Haven,$bprinted by J. Seymour,$c1824.
=300  \\$a43 p.$c26 cm.
=600  10$aWhelpley, Philip Melancthon.
=655  \0$aEulogies
=994  \\$aC0$bUIU
=955  \\$bark:/13960/t3b05ch78$qfuneralsermonocc00spri_0
=852  8\$beresour-nc$hOnline Resource$t1
=856  41$3Full text - HathiTrust Digital Library$uhttps://hdl.handle.net/2027/uiuo.ark:/13960/t3b05ch78

