=LDR  00798cam a2200253I  4500
=001  5052204
=005  20050714111840.0
=008  810604s1913\\\\kyu\\\\\\\\\\\000\0\eng\\
=003  UIUdb
=010  \\$a   13010496 
=035  \\$a(OCoLC)ocm07476623
=040  \\$aDLC$cVIC$dOCL
=050  0\$aZ5997$b.L89
=049  \\$aUIUU
=110  2\$aLouisville Free Public Library.
=245  10$aGardens and gardening;$ba selected list of books with annotations.
=260  \\$a[Louisville]$c1913.
=300  \\$a19 p.$c15 cm.
=500  \\$aCover title.
=650  \0$aGardening$vBibliography.
=994  \\$aC0$bUIU
=955  \\$bark:/13960/t8dg2z998$qgardensgardening00loui
=852  8\$beresour-nc$hOnline Resource$t1
=856  41$3Full text - HathiTrust Digital Library$uhttps://hdl.handle.net/2027/uiuo.ark:/13960/t8dg2z998

