=LDR  00948cam a2200301M  4500
=001  2129715
=005  20030731064821.0
=008  900530s1919\\\\enk\\\\\\\\\\f000\0\eng\d
=003  UIUdb
=035  \\$a(OCoLC)ocm25951852
=040  \\$aINU$cINU$dOCL$dUIU
=035  \\$9AQA-1204
=035  \\$9UC 00029217
=043  \\$afe-----$ae-uk---
=092  \\$a967.6$bG7865g
=049  \\$aUIUU
=110  1\$aGreat Britain.$bOversea Settlement Dept.
=245  10$aGeneral information as to the East Africa Protectorate.
=260  \\$aLondon :$bH. M. Stationery Off.,$c1919.
=300  \\$a36 p.$bfold. map.$c22 cm.
=651  \0$aAfrica, East.
=651  \0$aGreat Britain$xColonies$zAfrica.
=910  \\$arcp2430
=994  \\$a02$bUIU
=910  \\$aMARS
=955  \\$bark:/13960/t71w1qr98$qgeneralinformati00grea_1
=852  8\$beresour-nc$hOnline Resource$t1
=856  41$3Full text - HathiTrust Digital Library$uhttps://hdl.handle.net/2027/uiuo.ark:/13960/t71w1qr98

