=LDR  01513cam a2200373Ii 4500
=001  7286365
=005  20130729145241.0
=008  911121s1906\\\\okuaf\\\\\\\\\000\0\eng\d
=003  UIUdb
=035  \\$a(OCoLC)ocm80406575
=040  \\$aNNC-T$beng$cVVT$erda$dUIU
=043  \\$an-us-ok
=082  0\$a378.7
=049  \\$aUIUU
=110  2\$aState University of Oklahoma.
=245  10$aGeneral information :$billustrations.
=246  14$aUniversity and surroundings
=264  \1$aNorman, Oklahoma :$bThe University,$c1905.
=300  \\$a12 pages, 15 unnumbered pages of plates :$billustrations ;$c23 cm.
=336  \\$atext$btxt$2rdacontent
=337  \\$aunmediated$bn$2rdamedia
=338  \\$avolume$bnc$2rdacarrier
=490  1\$aBulletin of the State University of Oklahoma ;$vNew Series No. 7, September 1906
=500  \\$aTitle from cover.
=500  \\$aThe date of publication "1905" on the title page is a misprint for 1906.
=610  20$aState University of Oklahoma.
=610  20$aState University of Oklahoma$vPictorial works.
=650  \0$aState universities and colleges$zOklahoma$zNorman.
=650  \0$aState universities and colleges$zOklahoma$zNorman$vPictorial works.
=830  \0$aBulletin of the State University of Oklahoma ;$vnew series no. 7, September 1906.
=994  \\$aC0$bUIU
=955  \\$bark:/13960/t54f80m2z$qgeneralinformati00stat
=852  8\$beresour-nc$hOnline Resource$t1
=856  41$3Full text - HathiTrust Digital Library$uhttps://hdl.handle.net/2027/uiuo.ark:/13960/t54f80m2z

