=LDR  00864cam a22002651  4500
=001  2146186
=005  20071129223226.0
=008  900530s1918\\\\ne\\\\\\\\\\\\\\\\\\dut\u
=003  UIUdb
=035  \\$a(OCoLC)ocm77214607
=035  \\$9AQB-7720
=035  \\$9UC 12098551
=035  \\$auil00056695
=040  \\$dUtOrBLW
=110  2\$aDeli Spoorweg Maatschappij.
=245  10$aGewijzidge concessie-voorwaarden van de Deli spoorwegmaatschappij.
=260  \\$aAmsterdam,$c1918.
=300  \\$a49 p. :$bmap ;$ccm.
=650  \0$aRailroads$zIndonesia$zSumatra.
=911  \\$1m$2AQB-7720$3UC 12098551$47/7/2004 7:51:34$a385.41 D379G
=913  \\$135951
=910  \\$aMARS
=955  \\$bark:/13960/t9w158z2d$qgewijzidgeconces00deli
=852  8\$beresour-nc$hOnline Resource$t1
=856  41$3Full text - HathiTrust Digital Library$uhttps://hdl.handle.net/2027/uiuo.ark:/13960/t9w158z2d

