=LDR  00852nam a2200253   4500
=001  841531
=005  20020415161753.0
=008  740819s1912\\\\it\a\\\\\\\\\\00000\ita\\
=003  UIUdb
=035  \\$a(OCoLC)ocm00981287
=035  \\$9ADL-5969
=040  \\$aDLC$cKSU$dSER$dUIU
=050  0\$aE184.I8$bV7
=100  10$aVillari, Luigi,$d1876-
=245  14$aGli Stati Uniti d'America e l'emigrazione italiana.
=260  0\$aMilano,$bFratelli Treves,$c1912.
=300  \\$aiii, 314 p. ;$c19 cm.
=350  \\$aL3.50
=650  \0$aItalians$zUnited States.
=651  \0$aUnited States$xEmigration and immigration
=651  \0$aUnited States$xSocial conditions
=955  \\$bark:/13960/t4rk0nr28$qglistatiunitidam00vill_0
=852  8\$beresour-nc$hOnline Resource$t1
=856  41$3Full text - HathiTrust Digital Library$uhttps://hdl.handle.net/2027/uiuo.ark:/13960/t4rk0nr28

