=LDR  01119cam a2200301Ii 4500
=001  6643263
=005  20111021145858.0
=008  790419s1879\\\\nyug\\\\\\\\\\000\0\mul\d
=003  UIUdb
=035  \\$a(OCoLC)ocm04873912
=040  \\$aGZM$cGZM$dOCLCQ$dOCLCG
=041  0\$aengita
=090  \\$aML50.G711$bF32 1879
=049  \\$aUIUU
=100  1\$aGounod, Charles,$d1818-1893.
=240  10$aFaust.$sLibretto.$lEnglish & Italian.
=245  10$aGounod's Faust :$ba lyric opera in five acts, in Italian and English : contains the music of the favorite melodies.
=260  \\$aNew York :$bS. French,$c[1879?]
=300  \\$a28 p. :$bmusic ;$c28 cm.
=500  \\$aLibretto by Michel Carré and Jules Barbier, based on the tragedy by Goethe.
=650  \0$aOperas$vLibrettos.
=700  1\$aCarré, Michel,$d1819-1872.$tFaust.
=700  1\$aBarbier, Jules,$d1825-1901.$tFaust.
=740  01$aFaust.
=994  \\$aC0$bUIU
=955  \\$bark:/13960/t86j0s77d$qgounodsfaustlyri00goun
=852  8\$beresour-nc$hOnline Resource$t1
=856  41$3Full text - HathiTrust Digital Library$uhttps://hdl.handle.net/2027/uiuo.ark:/13960/t86j0s77d

