=LDR  00855cam a2200265Ia 4500
=001  2091503
=005  20110629200911.0
=008  900530s1907\\\\xx\\\\\\\\\\\\000\0\eng\d
=003  UIUdb
=035  \\$a(OCoLC)ocm77211912
=040  \\$aUIU$cUIU$dOCLCG$dMUM
=090  \\$aJC585$b.G37 1907
=049  \\$aUIUU
=100  1\$aGarner, James Wilford,$d1871-1938.
=245  10$aGovernment and liberty /$ca paper by James W. Garner.
=260  \\$a[S.l.$bs.n.,$c1907]
=300  \\$ap. 348-368 ;$c24 cm.
=500  \\$aReprinted from the Yale review, Feb. 1907.
=650  \0$aLiberty.
=650  \0$aPolitical science.
=730  0\$aYale review
=994  \\$a02$bUIU
=955  \\$bark:/13960/t5r84jq28$qgovernmentlibert00garn
=852  8\$beresour-nc$hOnline Resource$t1
=856  41$3Full text - HathiTrust Digital Library$uhttps://hdl.handle.net/2027/uiuo.ark:/13960/t5r84jq28

