=LDR  01255cam a22003371  4500
=001  7226509
=005  20130509134247.0
=008  920908s1920\\\\nyu\\\\\\b\\\\000\0\eng\c
=003  UIUdb
=010  \\$ae  21000124 
=035  \\$a(OCoLC)ocm26559289
=040  \\$aLibrary, U.S. Bur. of Education$beng$cEMU$dDLC$dOCLCQ
=029  1\$aAU@$b000024528693
=043  \\$an-us-ny
=050  00$aZ1037$b.N561
=049  \\$aUIUU
=110  2\$aUniversity of the State of New York.$bDivision of School Libraries.
=245  10$aGrade room libraries.
=260  \\$aAlbany,$c1920.
=300  \\$a10 p.$c23 cm.
=490  1\$aUniversity of the State of New York. Bulletin$vno. 716, August 15, 1920
=500  \\$aCaption title.
=500  \\$aAt head of title: ... School libraries division.
=650  \0$aChildren's literature$vBibliography.
=650  \0$aChildren$xBooks and reading$zNew York (State)
=650  \0$aSchool libraries$zNew York (State)
=830  \0$aBulletin (University of the State of New York) ;$vno. 716, August 15, 1920.
=994  \\$aC0$bUIU
=955  \\$bark:/13960/t76t6w307$qgraderoomlibrari00univ
=852  8\$beresour-nc$hOnline Resource$t1
=856  41$3Full text - HathiTrust Digital Library$uhttps://hdl.handle.net/2027/uiuo.ark:/13960/t76t6w307

