=LDR  01281cam a2200337Ki 4500
=001  2069239
=005  20170711143306.0
=008  900530s1912\\\\wau\\\\\\\\\\\000\0\eng\d
=003  UIUdb
=035  \\$a(OCoLC)ocn993440498
=040  \\$aUIU$beng$erda$cUIU
=043  \\$an-us---
=092  \\$a363$bW27g
=049  \\$aUIUU
=110  2\$aNational Grange.
=245  14$aThe Grange :$bbeing a concise statement of the aims, purposes and practical workings of the order of Patrons of Husbandry under the jurisdiction of Washington State Grange.
=264  \3$aOlympia, Wash. :$bBlankenship-Lee Ptg. Co.,$c[1912?]
=300  \\$a22 pages ;$c16 cm
=336  \\$atext$btxt$2rdacontent
=337  \\$aunmediated$bn$2rdamedia
=338  \\$avolume$bnc$2rdacarrier
=500  \\$aCover title.
=610  20$aNational Grange.
=650  \0$aAgriculture$zUnited States$xSocieties, etc.
=610  27$aNational Grange.$2fast$0(OCoLC)fst00522179
=650  \7$aAgriculture$xSocieties, etc.$2fast$0(OCoLC)fst00801651
=651  \7$aUnited States.$2fast$0(OCoLC)fst01204155
=994  \\$aC0$bUIU
=955  \\$bark:/13960/t0ht8v27c$qgrangebeingconci00nati
=852  8\$beresour-nc$hOnline Resource$t1
=856  41$3Full text - HathiTrust Digital Library$uhttps://hdl.handle.net/2027/uiuo.ark:/13960/t0ht8v27c

