=LDR  00852cam a2200289I  4500
=001  2148369
=005  20030807164356.0
=008  900530m18999999au\\\\\\\\\\\\000\0\ger\d
=003  UIUdb
=035  \\$a(OCoLC)ocm16065321
=040  \\$aISB$cISB$dUIU
=035  \\$9AQB-9907
=035  \\$9UC 15047777
=092  \\$a935$bK89g
=049  \\$aUIUU
=100  1\$aKrall, Jakob,$d1857-1905.
=245  10$aGrundriss der altorientalischen Geschichte.
=260  \\$aWein :$bAlfred Hölder,$c1899-
=300  \\$a2 v.$c23 cm.
=505  2\$a1. Theil. Bis auf Kyros.
=651  \0$aAssyria$xHistory.
=910  \\$arcp2268
=994  \\$a02$bUIU
=910  \\$aMARS
=955  \\$bark:/13960/t9h47xv67$qgrundrissderalto00kral
=852  8\$beresour-nc$hOnline Resource$t1
=856  41$3Full text - HathiTrust Digital Library$uhttps://hdl.handle.net/2027/uiuo.ark:/13960/t9h47xv67

