=LDR  00850cam a2200289Ii 4500
=001  2129527
=005  20030731053826.0
=008  900530s1912\\\\gw\\\\\\\\\\\\000\0\ger\d
=003  UIUdb
=035  \\$a(OCoLC)ocm01802338
=040  \\$aWTU$cWTU$dUIU
=035  \\$9AQA-1016
=035  \\$9UC 00014554
=090  \\$aBC114$b.L55
=049  \\$aUIUU
=100  1\$aLipps, Theodor,$d1851-1914.
=245  10$aGrundzüge der Logik /$cvon Theodor Lipps.
=260  \\$aLeipzig :$bL. Voss,$c1912.
=300  \\$avi, 233 p. ;$c23 cm.
=500  \\$a"Unveränderter Abdruck."
=650  \0$aLogic.
=910  \\$arcp2110
=994  \\$a02$bUIU
=910  \\$aMARS
=955  \\$bark:/13960/t9092gs3p$qgrundzugederlogi00lipp
=852  8\$beresour-nc$hOnline Resource$t1
=856  41$3Full text - HathiTrust Digital Library$uhttps://hdl.handle.net/2027/uiuo.ark:/13960/t9092gs3p

