=LDR  00587nam a22001931  4500
=001  3196601
=005  20020415164945.0
=008  910409s1913\\\\bo\\\\\\\\\\\\00001\spa\d
=003  UIUdb
=035  \\$a(OCoLC)ocm23442417
=035  \\$9AUM-7964
=040  \\$aRQR$cRQR
=100  10$aMOLINA, EULOGIO DE LOS L.
=245  00$aHacia Copacabana$b(novela)
=260  1\$aLa Paz,$c1913.
=300  \\$a31 p.
=955  \\$bark:/13960/t5jb2cc2s$qhaciacopacabanan00moli
=852  8\$beresour-nc$hOnline Resource$t1
=856  41$3Full text - HathiTrust Digital Library$uhttps://hdl.handle.net/2027/uiuo.ark:/13960/t5jb2cc2s

