=LDR  00908cam a2200301K  4500
=001  2154097
=005  20030807224901.0
=008  900530s1909\\\\pl\\\\\\\b\\\\000\0\ger\d
=003  UIUdb
=035  \\$a(OCoLC)ocm35661560
=040  \\$aRBN$cRBN$dOCLCQ$dUIU
=035  \\$9AQC-5678
=035  \\$9UC 21088710
=049  \\$aUIUU
=100  1\$aBenjamin, Fritz,$d1883-
=245  10$aHaftung des staates aus dem verschulden seiner organe nach völkerrecht.
=260  \\$aBreslau,$c1909.
=300  \\$a60, 1 p.$c8vo.
=502  \\$aInaug.-diss.--Heidelberg.
=504  \\$a"Literatur": p. [7]-8.
=500  \\$aLebenslauf.
=650  \0$aIndemnity.
=910  \\$arcp3356
=994  \\$a02$bUIU
=910  \\$aMARS
=955  \\$bark:/13960/t75t9v530$qhaftungdesstaate00benj
=852  8\$beresour-nc$hOnline Resource$t1
=856  41$3Full text - HathiTrust Digital Library$uhttps://hdl.handle.net/2027/uiuo.ark:/13960/t75t9v530

