=LDR  00999cam a2200289Ma 4500
=001  2134703
=005  20080205073836.0
=008  900530s1878\\\\xxu\\\\\\\\\\\000\0\eng\d
=003  UIUdb
=035  \\$a(OCoLC)ocm64058481
=040  \\$aCOO$cCOO
=035  \\$9AQA-6210
=035  \\$9UC 04037126
=043  \\$an-us---$ae-uk---$ae-gx---
=049  \\$aUIUU
=100  1\$aLincoln, David F.$q(David Francis),$d1841-1916.
=245  14$aThe half-time system in education /$cby D.F. Lincoln.
=260  \\$a[S.l. :$bs.n.],$c1878$e(Boston :$fRand, Aberg, Printers)
=300  \\$a24 p. ;$c24 cm.
=650  \0$aChild labor$zUnited States.
=650  \0$aChild labor$zGreat Britain.
=650  \0$aWorking class$xEducation$zUnited States.
=650  \0$aWorking class$xEducation$zGermany.
=994  \\$a92$bUIU
=955  \\$bark:/13960/t1tf61598$qhalftimesystemin00linc
=852  8\$beresour-nc$hOnline Resource$t1
=856  41$3Full text - HathiTrust Digital Library$uhttps://hdl.handle.net/2027/uiuo.ark:/13960/t1tf61598

