=LDR  01082cam a2200277 a 4500
=001  3838397
=005  20020415165302.0
=008  960701s1896\\\\gw\ah\\\\\\\\\000\0bger\d
=003  UIUdb
=035  \\$a(OCoLC)ocm35011846
=035  \\$9AZS-1923
=040  \\$aUIU$cUIU
=100  1\$aRabenlechner, Michael Maria.
=245  10$aHamerling :$bsein Leben und seine Werke : mit Benutzung ungedruckten Materials /$cvon Michael Maria Rabenlechner.
=260  \\$aHamburg :$bA.-G. (vormals J.F. Richter),$c1896.
=300  \\$axiv, 432 p. :$bill., facsims. ;$c20 cm.
=500  \\$aVolume has both general and special t.p.
=505  0\$a1. Bd. Hamerling's Jugend.
=600  10$aHamerling, Robert,$d1830-1889$xBiography$xYouth.
=650  \0$aAuthors, German$y19th century$xBiography.
=700  1\$aHamerling, Robert,$d1830-1889
=740  02$aHamerling's Jugend.
=740  04$aRobert Hamerling
=955  \\$bark:/13960/t9m391k48$qhamerlingseinleb00rabe
=852  8\$beresour-nc$hOnline Resource$t1
=856  41$3Full text - HathiTrust Digital Library$uhttps://hdl.handle.net/2027/uiuo.ark:/13960/t9m391k48

