=LDR  00881nam a2200253Ia 4500
=001  6562402
=005  20110815135241.0
=008  110815s1896\\\\iluaf\\\\\\\\\000\0\eng\d
=003  UIUdb
=035  \\$a(OCoLC)ocn746790068
=040  \\$aUIU$cUIU
=049  \\$aUIUU
=245  00$aHavana Chautauqua Assembly, second season :$bHavana, Illinois, Thursday, August 13 to Monday, August 24, 1896.
=246  34$aSouvenir
=260  \\$a[Havana? :$bThe Assembly,$c1896]
=300  \\$a15, [1] p. :$bill., plates ;$c23 cm.
=650  \0$aSummer schools$zIllinois$zHavana$y19th century.
=700  1\$aWilkin, M. P.
=700  1\$aCollins, H. A.
=700  1\$aMintonye, B. A.
=994  \\$aC0$bUIU
=955  \\$bark:/13960/t4hn1fg1m$qhavanachautauqua00wilk
=852  8\$beresour-nc$hOnline Resource$t1
=856  41$3Full text - HathiTrust Digital Library$uhttps://hdl.handle.net/2027/uiuo.ark:/13960/t4hn1fg1m

