=LDR  00998cam a2200313Mi 4500
=001  2139062
=005  20030802205336.0
=008  900530s1879\\\\dcua\\\\\\\\\\000\0\eng\d
=003  UIUdb
=010  \\$as  15000481 
=035  \\$a(OCoLC)ocm29086810
=040  \\$aMNU$cMNU$dOCLCQ$dUIU
=035  \\$9AQB-0575
=035  \\$9UC 07054996
=050  \4$aQ11$b.S66 1878
=049  \\$aUIUU
=100  1\$aTaylor, William B.$q(William Bower),$d1821-1895.
=245  10$aHenry and the telegraph /$cby William B. Taylor.
=260  \\$a[Washington :$bs.n.,$c1879]
=300  \\$ap. 262-360 :$bill. ;$c24 cm.
=490  0\$aSmithsonian Institution. Annual report ;$v1878
=600  10$aHenry, Joseph,$d1797-1878.
=650  \0$aTelegraph$xHistory.
=910  \\$arcp3531
=994  \\$a02$bUIU
=910  \\$aMARS
=955  \\$bark:/13960/t9t21753c$qhenrytelegraph00tayl
=852  8\$beresour-nc$hOnline Resource$t1
=856  41$3Full text - HathiTrust Digital Library$uhttps://hdl.handle.net/2027/uiuo.ark:/13960/t9t21753c

