=LDR  01135cam a2200337I  4500
=001  2129611
=005  20030730171929.0
=008  900530s1914\\\\gw\\\\\\\\\\\\000\0\ger\c
=003  UIUdb
=010  \\$ae  33000129 
=035  \\$a(OCoLC)ocm07378020
=040  \\$aRETROCON/NYGG (Library, U.S. Office of Education)$cZYU$dZYU$dUIU
=035  \\$9AQA-1100
=035  \\$9UC 00019346
=090  \\$aBJ602$b.M7
=049  \\$aUIUU
=100  1\$aMohns, Walter,$d1885-
=245  10$aHerbarts stellung zur englischen moralphilosophie.$cVon dr. phil. Walter Mohns.
=260  \\$aLangensalza :$bH. Beyer & söhne,$c1914.
=300  \\$avi, 87 p.$c22 cm.
=490  1\$aPädagogisches magazin,$vhft. 559
=650  \0$aEthics.
=650  \0$aPhilosophy.
=600  10$aHerbart, Johann Friedrich,$d1776-1841.
=830  \0$aFriedrich Mann's pädagogisches Magazin ;$vhft. 559.
=910  \\$arcp2735
=994  \\$a02$bUIU
=910  \\$aMARS
=955  \\$bark:/13960/t3dz6g01j$qherbartsstellung00mohn_0
=852  8\$beresour-nc$hOnline Resource$t1
=856  41$3Full text - HathiTrust Digital Library$uhttps://hdl.handle.net/2027/uiuo.ark:/13960/t3dz6g01j

