=LDR  00925cam a22002651  4500
=001  1947393
=005  20071202214854.0
=008  900530s1920\\\\pau\\\\\\\\\\\\\\\\\eng\u
=003  UIUdb
=035  \\$a(OCoLC)ocm77196910
=035  \\$9APH-5640
=035  \\$9UC 12055245
=035  \\$auil00060172
=040  \\$dUtOrBLW
=110  2\$aHill School (Pottstown, Pa.).$bAlumni Association.$bFoundation Committee.
=245  14$aThe Hill School :$ba statement of its hopes, a record of its achievements ...
=260  \\$aPottstown, Pa.,$c1920.
=300  \\$a31 p. :$bill. ;$ccm.
=710  2\$aHill School (Pottstown, Pa.)
=911  \\$1m$2APH-5640$3UC 12055245$47/8/2004 9:51:08$a373.748 H55H
=913  \\$123601
=910  \\$aMARS
=955  \\$bark:/13960/t7tn3fd8g$qhillschoolstatem00hill
=852  8\$beresour-nc$hOnline Resource$t1
=856  41$3Full text - HathiTrust Digital Library$uhttps://hdl.handle.net/2027/uiuo.ark:/13960/t7tn3fd8g

