=LDR  00727cam a2200241K  4500
=001  1783642
=005  20030731135319.0
=008  900530s1892\\\\enka\\\\\\\\\\000\0\eng\d
=003  UIUdb
=035  \\$a(OCoLC)ocm36560171
=040  \\$aUEJ$cUEJ$dUIU
=035  \\$9AOE-0493
=035  \\$9UC 08040743
=049  \\$aUIUU
=245  00$aHistorical sketches of our productive societies.
=260  \\$aManchester printed,$c1892.
=300  \\$a94 p.$billustrations.$c24to.
=910  \\$arcp3604
=994  \\$a02$bUIU
=910  \\$aMARS
=955  \\$bark:/13960/t4mm2jc2z$qhistoricalsketch00unse_7
=852  8\$beresour-nc$hOnline Resource$t1
=856  41$3Full text - HathiTrust Digital Library$uhttps://hdl.handle.net/2027/uiuo.ark:/13960/t4mm2jc2z

