=LDR  01087cam a2200313Ia 4500
=001  3377793
=005  20030810221505.0
=008  920718s1899\\\\ohu\\\\\\\\\\\000\0\eng\d
=003  UIUdb
=035  \\$a(OCoLC)ocm08694332
=040  \\$aKSU$cKSU$dOCLCQ$dUIU
=035  \\$9AVS-2494
=035  \\$9UC 12059382
=090  \\$aAC901$b.P3 v.42, no.4
=049  \\$aUIUU
=100  1\$aKent, Marvin,$db. 1816.
=245  10$aHistory of the A. & G.W.R.R. :$baddress of Marvin Kent at fifth annual reunion of old A. & G.W. employees, Randolph Park near Kent, O., Aug. 26, '99.
=260  \\$a[Kent, Ohio :$bKent Courier,$c1899?]
=300  \\$a7 leaves ;$c24 cm.
=490  0\$aPamphlets ;$vv. 42, no. 4
=500  \\$aKent Courier print.
=610  20$aAtlantic & Great Western Railway Companies.
=651  \0$aKent (Ohio)$xHistory.
=910  \\$arcp3902
=994  \\$a02$bUIU
=910  \\$aMARS
=955  \\$bark:/13960/t2c88hg3g$qhistoryofagwrrad00kent
=852  8\$beresour-nc$hOnline Resource$t1
=856  41$3Full text - HathiTrust Digital Library$uhttps://hdl.handle.net/2027/uiuo.ark:/13960/t2c88hg3g

