=LDR  00725cam a2200253K  4500
=001  2160219
=005  20030811064845.0
=008  900530s1917\\\\gw\\\\\\\\\\\\000\0\ger\d
=003  UIUdb
=035  \\$a(OCoLC)ocm43999021
=040  \\$aNHN$cNHN$dUIU
=035  \\$9AQD-1866
=035  \\$9UC 16086669
=049  \\$aUIUU
=100  1\$aMannstaedt, Heinrich.
=245  10$aHochkonjunktur und Kreig.
=260  \\$aJena :$bG. Fischer,$c1917.
=300  \\$a46 p.$c24 cm.
=910  \\$arcp2110
=994  \\$a02$bUIU
=910  \\$aMARS
=955  \\$bark:/13960/t3gz0hn86$qhochkonjunkturun00mann
=852  8\$beresour-nc$hOnline Resource$t1
=856  41$3Full text - HathiTrust Digital Library$uhttps://hdl.handle.net/2027/uiuo.ark:/13960/t3gz0hn86

