=LDR  01196ccm a2200325Ia 4500
=001  2059985
=005  20030801134921.0
=008  900530s1899\\\\nyumoa\\\\\\\\\n\\\\lat\d
=003  UIUdb
=035  \\$a(OCoLC)ocm11718430
=040  \\$aONU$cONU$dOCL$dUIU
=020  \\$c{dollar}0.25
=035  \\$9APT-1109
=035  \\$9UC 09035214
=092  \\$a783.454$bP15h
=049  \\$aUIUU
=100  1\$aPalestrina, Giovanni Pierluigi da,$d1525?-1594.
=240  10$aMotets$n(1575).$pHodie Christus natus est
=245  10$aHodie Christus natus est :$bChristmas motet for double chorus of mixed voices (eight parts) a cappella /$cG. Pierluigi da Palestrina ; edited by Frank Damrosch.
=260  \\$aNew York :$bSchirmer,$c1899.
=300  \\$a1 score (8 p.) ;$c26 cm.
=440  \0$aG. Schirmer's octavo Catholic Church music ;$vno. 6399
=650  \0$aChoruses, Sacred (Mixed voices, 8 parts)$vScores.
=700  1\$aDamrosch, Frank,$d1859-1937.
=910  \\$arcp3356
=994  \\$a02$bUIU
=910  \\$aMARS
=955  \\$bark:/13960/t1dk1nh4j$qhodiechristusnat00pale
=852  8\$beresour-nc$hOnline Resource$t1
=856  41$3Full text - HathiTrust Digital Library$uhttps://hdl.handle.net/2027/uiuo.ark:/13960/t1dk1nh4j

