=LDR  00967nam a2200241 a 4500
=001  3887584
=005  20020415165317.0
=008  961216s1859\\\\pau\\\\\\\\\\\000\0\eng\d
=003  UIUdb
=035  \\$a(OCoLC)ocm36094874
=035  \\$9BAB-7888
=040  \\$aUIU$cUIU
=100  1\$aWood, J. W.$q(James Washington),$d1813-1884
=245  10$aHuman philosophy as opposed to the word of God :$ban address, delivered before the alumni of La Fayette College, Easton, Pa., on Tuesday of commencement week, July 26, 1859 /$cby J. Washington Wood.
=260  \\$aEaston, Pa. :$bThe Alumni Association,$c1859.
=300  \\$a22 p. ;$c22 cm.
=630  00$aBible
=650  \0$aWord of God (Theology)
=650  \0$aPhilosophy and religion
=710  2\$aLafayette College (Easton, Pa.)
=955  \\$bark:/13960/t40s6041c$qhumanphilosophya00wood
=852  8\$beresour-nc$hOnline Resource$t1
=856  41$3Full text - HathiTrust Digital Library$uhttps://hdl.handle.net/2027/uiuo.ark:/13960/t40s6041c

