=LDR  01011cam a2200325I  4500
=001  2034033
=005  20030730223120.0
=008  900530s1910\\\\hu\\\\\\\\\\\\000\0\eng\\
=003  UIUdb
=010  \\$a   13003054 
=035  \\$a(OCoLC)ocm09662423
=040  \\$aDLC$cNJB$dNJB$dOCLCQ$dUIU
=035  \\$9APQ-4949
=035  \\$9UC 02091234
=043  \\$ae-hu---
=050  0\$aDB916$b.V3 1910
=049  \\$aUIUU
=100  1\$aVargha, Gyula,$d1853-1929.
=245  10$aHungary;$ba sketch of the country, its people and its conditions,$cby Julius de Vargha.
=250  \\$a3d ed.
=260  \\$aBudapest :$bPrinting-Office of the "Athenaeum",$c1910.
=300  \\$a80 p.$c23 cm.
=651  \0$aHungary.
=651  \0$aHungary$xEconomic conditions.
=910  \\$arcp2430
=994  \\$a02$bUIU
=910  \\$aMARS
=955  \\$bark:/13960/t3423625g$qhungarysketchofc00varg
=852  8\$beresour-nc$hOnline Resource$t1
=856  41$3Full text - HathiTrust Digital Library$uhttps://hdl.handle.net/2027/uiuo.ark:/13960/t3423625g

