=LDR  01011nam a2200265 a 4500
=001  4017396
=005  20020415165357.0
=008  980120s1860\\\\it\\\\\\\\\\\\000\0\ita\d
=003  UIUdb
=035  \\$a(OCoLC)ocm38224545
=035  \\$9BAZ-4456
=040  \\$aUIU$cUIU
=245  02$aI futuri destini degli stati e delle nazioni, ovvero, Profezie e predizioni riguardanti i rivolgimenti di tutti i regni dell'universo sino alla fine del mondo.
=250  \\$a4. ed. riveduta e molto accresciuta sulla 3. /$bdi accreditati vaticinii.
=260  \\$aTorino :$bFr. Martinengo,$c1860.
=300  \\$a288 p. ;$c18 cm.
=500  \\$aCover title.
=610  20$aCatholic Church$xHistory
=650  \0$aProphecies
=650  \0$aHistory, Modern.
=651  \0$aEurope$xHistory$yProphecies.
=651  \0$aEurope$xChurch history
=955  \\$bark:/13960/t9w158q28$qifuturidestinide00unse
=852  8\$beresour-nc$hOnline Resource$t1
=856  41$3Full text - HathiTrust Digital Library$uhttps://hdl.handle.net/2027/uiuo.ark:/13960/t9w158q28

