=LDR  01185cam a2200301K  4500
=001  1951562
=005  20030809070041.0
=008  900530s1915\\\\fr\\\\\\\\\\\\000\0\fre\d
=003  UIUdb
=035  \\$a(OCoLC)ocm21436099
=040  \\$aHIN$cHIN$dUIU
=035  \\$9APH-9818
=035  \\$9UC 16057444
=090  \\$aD515.G372$bF7a
=049  \\$aUIUU
=100  1\$aJaulmes, Th.
=245  10$aIgnorance? Inconscience? ... Ou hypocrisie?$bÉtude méthodique de l'"Appel des intellectuels allemands aux nations civilisées".$cAvec documents annexes, par Th. Jaulmes.
=260  \\$aParis :$bAttinger Frères,$c[1915]
=300  \\$a46 p.$c23 cm.
=500  \\$a"Documents annexes" (p. [18]-46) include "L'appel aux nations civilisées", "Réponse des intellectuels de France", "Opinions et sentiments des autres nations civilisées".
=650  \0$aWorld War, 1914-1918$xCauses.
=730  0\$aAufruf an die Kulturwelt.
=910  \\$arcp0200
=994  \\$a02$bUIU
=910  \\$aMARS
=955  \\$bark:/13960/t1fj8p57j$qignoranceinconsc00jaul
=852  8\$beresour-nc$hOnline Resource$t1
=856  41$3Full text - HathiTrust Digital Library$uhttps://hdl.handle.net/2027/uiuo.ark:/13960/t1fj8p57j

