=LDR  00996cam a2200277   4500
=001  3077252
=005  20080124003937.0
=008  900530s1947\\\\ilu\\\\\\\\\\s000\0\eng\c
=003  UIUdb
=010  \\$aa  48000120 
=035  \\$a(OCoLC)ocm77335943
=035  \\$9ATU-6233
=035  \\$9UC 15011301
=035  \\$a(CStRLIN)MAHGARO83605-B
=040  \\$aIllinois. Univ. Library$c*HVL*$dCStRLIN
=050  04$aHD7303.I3$bA4 1947
=082  0\$a333.63
=110  1\$aIllinois.
=245  10$aIllinois community emergency housing rent control law :$b(House bill no. 278 of the 65th General Assembly) /$cIssued by Edward J. Barrett, Secretary of State.
=260  \\$a[Springfield,$c1947]
=300  \\$a11 p. ;$c23 cm.
=650  \0$aRent$zIllinois.
=710  1\$aIllinois.$bOffice of Secretary of State.
=955  \\$bark:/13960/t7qp2bd7s$qillinoiscommunit00illi_0
=852  8\$beresour-nc$hOnline Resource$t1
=856  41$3Full text - HathiTrust Digital Library$uhttps://hdl.handle.net/2027/uiuo.ark:/13960/t7qp2bd7s

