=LDR  00923cam a2200253Ka 4500
=001  2375910
=005  20100929182608.0
=008  900530s1921\\\\it\\\\\\\\\\\\000\0\ita\d
=003  UIUdb
=035  \\$a(OCoLC)ocm77228252
=040  \\$aUIU$cUIU$dUIU
=049  \\$aUIUU
=100  1\$aGrilli, Carlo.
=245  13$aIl protezionismo dopo la guerra.
=260  \\$aRoma :$bCoop. Arti grafiche nazionali,$c1921.
=300  \\$app. 96+. ;$ccm.
=500  \\$aOffprint: Rivista internazionale di scienze sociali e discipline ausiliarie. Anno 1921
=650  \0$aProtectionism$zItaly.
=650  \0$aReconstruction (1914-1939)$zItaly.
=730  0\$aRivista internazionale di scienze sociali e discipline ausiliarie.
=994  \\$aC0$bUIU
=955  \\$bark:/13960/t48q2797p$qilprotezionismod00gril
=852  8\$beresour-nc$hOnline Resource$t1
=856  41$3Full text - HathiTrust Digital Library$uhttps://hdl.handle.net/2027/uiuo.ark:/13960/t48q2797p

