=LDR  00945cam a2200265Ki 4500
=001  2337133
=005  20170724093018.0
=008  900530s1907\\\\vc\\\\\\\\\\\\000\0\ita\d
=003  UIUdb
=035  \\$a(OCoLC)ocn994299229
=040  \\$aUIU$beng$erda$cUIU
=092  \\$a207$bC28r
=049  \\$aUIUU
=110  2\$aCatholic Church,$eissuing body.
=245  10$aIl regolamento degli studi nei seminari d'Italia$b(decret. S. C. Vescovi e Regolari, 3 Maggio 1907).
=264  \1$a[Vatican City] :$b[publisher not identified],$c1907.
=300  \\$a89 leaves ;$c28 cm
=336  \\$atext$btxt$2rdacontent
=337  \\$aunmediated$bn$2rdamedia
=338  \\$avolume$bnc$2rdacarrier
=610  20$aCatholic Church$xStudy and teaching.
=994  \\$aC0$bUIU
=955  \\$bark:/13960/t76t6w186$qilregolamentodeg00cath
=852  8\$beresour-nc$hOnline Resource$t1
=856  41$3Full text - HathiTrust Digital Library$uhttps://hdl.handle.net/2027/uiuo.ark:/13960/t76t6w186

