=LDR  00950cam a2200277M  4500
=001  1933144
=005  20030801044418.0
=008  900530s1864\\\\gw\\\\\\\\\\\\000\0\ger\d
=003  UIUdb
=035  \\$a(OCoLC)ocm39711946
=040  \\$aZCU$cZCU$dUIU
=035  \\$9APG-1361
=035  \\$9UC 00047688
=049  \\$aUIUU
=100  1\$aFreystadt, Moritz S.,$dca. 1810-ca. 1870.
=245  10$aImmanuel Kant;$bein Denkmal seiner unsterblichen Philosophie am Enthüllungstage der Kant-Statue dem deutschen Volke geweihet,$cvon Dr. M. Freystadt.
=250  \\$a2. Aufl.
=260  \\$aKönigsberg i. Pr. :$bGruber,$c1864.
=300  \\$a16 p.$c21 cm.
=600  10$aKant, Immanuel,$d1724-1804.
=910  \\$arcp3697
=994  \\$a02$bUIU
=910  \\$aMARS
=955  \\$bark:/13960/t4km5h89d$qimmanuelkanteind00frey
=852  8\$beresour-nc$hOnline Resource$t1
=856  41$3Full text - HathiTrust Digital Library$uhttps://hdl.handle.net/2027/uiuo.ark:/13960/t4km5h89d

