=LDR  00961cam a2200289Ia 4500
=001  1943899
=005  20030803211409.0
=008  900530s1902\\\\it\\\\\\\\\\\\000\0\ita\d
=003  UIUdb
=035  \\$a(OCoLC)ocm15507385
=040  \\$aCOD$cCOD$dUIU
=035  \\$9APH-2138
=035  \\$9UC 09013590
=090  \\$aPC1791$b.S42
=049  \\$aUIUU
=100  1\$aSenes, G.
=245  10$aImportanza scientifica della lingua e dialetti della Sardegna :$b una lezione di filologia al Sentatore Ascoli /$c G. Senes.
=260  \\$aFirenze :$bF. Lumachi,$c1902.
=300  \\$a64 p. ;$c24 cm.
=500  \\$aAuthor's autograph presentation copy.
=650  \0$aItalian language$xDialects$zItaly$zSardinia.
=910  \\$arcp3170
=994  \\$a02$bUIU
=910  \\$aMARS
=955  \\$bark:/13960/t9h47z43s$qimportanzascient00sene
=852  8\$beresour-nc$hOnline Resource$t1
=856  41$3Full text - HathiTrust Digital Library$uhttps://hdl.handle.net/2027/uiuo.ark:/13960/t9h47z43s

