=LDR  00854nam a2200253   4500
=001  3610741
=005  20020415165147.0
=008  870407s1906\\\\it\c\\\\\\\\\\000\0\ita\d
=003  UIUdb
=035  \\$a(OCoLC)ocm15500019
=035  \\$9AXU-0719
=040  \\$aCUY$cCUY$dUIU
=041  1\$aitaeng
=043  \\$an-us-ny
=100  1\$aGorky, Maksim,$d1868-1936.
=245  10$aIn America;$cunica traduzione autorizzata di C. Castelli.
=260  \\$aRoma,$bE. Voghera$c[1906].
=300  \\$a1 p. l., 130, [1] p.$bfront. (port.)$c18 cm.
=500  \\$aAt head of title: Massimo Gorki.
=651  \0$aNew York (N.Y.)$xDescription and travel.
=700  10$aCASTELLI, CESARE
=955  \\$bark:/13960/t2w43zp1z$qinamerica00gork
=852  8\$beresour-nc$hOnline Resource$t1
=856  41$3Full text - HathiTrust Digital Library$uhttps://hdl.handle.net/2027/uiuo.ark:/13960/t2w43zp1z

