=LDR  00927cam a2200241K  4500
=001  7232936
=005  20130521102511.0
=008  950627s1917\\\\okuac\\\\\\\\\000\0\eng\d
=003  UIUdb
=035  \\$a(OCoLC)ocm32716375
=040  \\$aWAU$beng$cWAU$dOCL$dWAU$dOCLCQ
=049  \\$aUIUU
=110  2\$aNorth Central College (Naperville, Ill.)
=245  14$aThe inauguration of Edward Everett Rall. Ph. D., as president of Northwestern College ...
=260  \\$aNaperville, Ill.,$c1917.
=300  \\$a40 p.$bill., port.
=490  0\$aNorthwestern College Bulletin.$vv. VII, no. 3. October, 1917
=490  0\$a[University pamphlets; inaugural discourses.$vv. 1, no. 5]
=700  1\$aRall, Edward Everett,$d1876-
=994  \\$aC0$bUIU
=955  \\$bark:/13960/t12p1bb6g$qinaugurationofed00nort
=852  8\$beresour-nc$hOnline Resource$t1
=856  41$3Full text - HathiTrust Digital Library$uhttps://hdl.handle.net/2027/uiuo.ark:/13960/t12p1bb6g

