=LDR  01011cam a2200241K  4500
=001  3068390
=005  20170721154845.0
=008  900530s1908\\\\nju\\\\\\\\\\\000\0\eng\d
=003  UIUdb
=035  \\$a(OCoLC)ocm60523891
=040  \\$aCOO$beng$cCOO$dOCLCO$dOCLCQ
=049  \\$aUIUU
=110  1\$aJersey City (N.J.),$ecomplainant.
=245  10$aIn Chancery of New Jersey: between the Mayor and Aldermen of Jersey City, complainant, and P.H. Flynn and Jersey City Water Supply Co., defendants.$bOn bill for injunction, etc.; opinion of Hon. Frederic W. Stevens, Vice Chancellor, filed May 1, 1908.
=260  \\$aJersey City,$bCollins & Corbin,$c1908.
=300  \\$a110 pages$c28 cm
=336  \\$atext$btxt$2rdacontent
=337  \\$aunmediated$bn$2rdamedia
=338  \\$avolume$bnc$2rdacarrier
=994  \\$aC0$bUIU
=955  \\$bark:/13960/t3hx7jk0g$qinchanceryofnewj00jers
=852  8\$beresour-nc$hOnline Resource$t1
=856  41$3Full text - HathiTrust Digital Library$uhttps://hdl.handle.net/2027/uiuo.ark:/13960/t3hx7jk0g

