=LDR  00905cam a22002411  4500
=001  2034676
=005  20130619101816.0
=008  900530s1880\\\\it\\\\\\\\\\\\00|\|\ita\u
=003  UIUdb
=035  \\$a(OCoLC)ocm77208297
=035  \\$9APQ-5592
=035  \\$9UC 03054657
=035  \\$aurb00099471
=040  \\$dUtOrBLW
=110  2\$aItaly.$bCommissione d'inchiesta sulla Biblioteca Vittorio Emanuele in Roma.
=245  10$aInchiesta sulla Biblioteca Vittorio Emanuele /$cPub. del Mininstero della pubblica istruzione.
=260  \\$aRoma,$c1880.
=300  \\$a80 p. ;$ccm.
=710  2\$aItaly.$bBiblioteca nazionale centrale Vittorio Emanuele (Rome)
=710  2\$aItaly.$bMininstero dell'istruzione pubblica.
=955  \\$bark:/13960/t1rg1zf3z$qinchiestasullabi00ital
=852  8\$beresour-nc$hOnline Resource$t1
=856  41$3Full text - HathiTrust Digital Library$uhttps://hdl.handle.net/2027/uiuo.ark:/13960/t1rg1zf3z

