=LDR  01042cam a2200301Ia 4500
=001  2159178
=005  20030804094042.0
=008  900530s1889\\\\dcu\\\\\\\\\\\000\0\eng\d
=003  UIUdb
=035  \\$a(OCoLC)ocm20678563
=040  \\$aCNH$cCNH$dUIU
=035  \\$9AQD-0821
=035  \\$9UC 12096236
=090  \\$aHE2763 1889$b.S74
=049  \\$aUIUU
=100  1\$aStewart, William M.$q(William Morris),$d1827-1909.
=245  10$aIndebtedness of Pacific railroads :$bspeech of Hon. William M. Stewart, of Nevada, in the Senate of the United States, Saturday, February 9, 1889.
=260  \\$aWashington, D.C. :$bGibson Bros.,$c1889.
=300  \\$a24 p. ;$c23 cm.
=500  \\$aCover title.
=650  \0$aRailroads$zUnited States.
=650  \0$aRailroads$xCost of operation.
=910  \\$arcp3254
=994  \\$a02$bUIU
=910  \\$aMARS
=955  \\$bark:/13960/t07x2m20c$qindebtednessofpa00stew
=852  8\$beresour-nc$hOnline Resource$t1
=856  41$3Full text - HathiTrust Digital Library$uhttps://hdl.handle.net/2027/uiuo.ark:/13960/t07x2m20c

