=LDR  01181cam a2200277Ka 4500
=001  1882486
=005  20170724083702.0
=008  900530s1901\\\\gw\\\\\\\\\\\\000\0\lat\d
=003  UIUdb
=035  \\$a(OCoLC)ocn945212978
=040  \\$aUIU$beng$cUIU$dOCLCO$dUIU
=049  \\$aUIUU
=245  00$aIndex lectionum quae auspiciis regis augustissimi Guilelmi Secundi imperatoris Germanici in Universitate litteraria Friderica Guilelma per semestre hibernum A D. xvi. M. Octobris A. MDCCCII ad D. xvi. M. Martii A. MDCCCCIII habebuntur.
=260  \\$aBerolini :$bImpressit Gustavus Schade (Otto Francke),$c[1902]
=300  \\$a15 pages ;$c25 cm
=336  \\$atext$btxt$2rdacontent
=337  \\$aunmediated$bn$2rdamedia
=338  \\$avolume$bnc$2rdacarrier
=600  10$aAccius, Lucius.$tFragments.
=650  \0$aLatin drama (Tragedy)$xHistory and criticism.
=655  \7$aLectures$zGermany$y20th century.$2rbgenr
=710  2\$aHumboldt-Universität zu Berlin.
=994  \\$aC0$bUIU
=955  \\$bark:/13960/t4gn4dk8r$qindexlectionumqu00humb
=852  8\$beresour-nc$hOnline Resource$t1
=856  41$3Full text - HathiTrust Digital Library$uhttps://hdl.handle.net/2027/uiuo.ark:/13960/t4gn4dk8r

