=LDR  01083cam a22002897  4500
=001  1947930
=005  20071202214908.0
=008  900530m18771880enk\\\\\\\\\\\000\0\eng\d
=003  UIUdb
=035  \\$a(OCoLC)ocm77197018
=035  \\$9APH-6179
=035  \\$9UC 12098803
=035  \\$a(CStRLIN)MAHGAYY23209-B
=040  \\$aMH-BA$cMH-BA$dCStRLIN
=100  1\$aFleming, William,$ccomp.
=245  14$aThe index to our railway system and our leading lines ... /$cComp. by William Flemming. no. 2. 1876.
=260  \\$aLondon :$bM'Corquodale and co. [etc,$c1877?-1880.]
=300  \\$a1 v. :$btables (partly fold.) ;$c24 cm.
=500  \\$aNo more published?.
=500  \\$aComplete in 4 parts according to British Museum.
=650  \0$aRailroads$zGreat Britain$vStatistics.
=911  \\$1m$2APH-6179$3UC 12098803$47/7/2004 10:00:17$a385.42 F629I
=913  \\$140959
=910  \\$aMARS
=955  \\$bark:/13960/t0bw3pj2d$qindextoourrailwa00flem
=852  8\$beresour-nc$hOnline Resource$t1
=856  41$3Full text - HathiTrust Digital Library$uhttps://hdl.handle.net/2027/uiuo.ark:/13960/t0bw3pj2d

