=LDR  01170nam a2200337Ii 4500
=001  7162078
=005  20130301082135.0
=008  130301s1921\\\\inu\\\\\\\\\\l000\0\eng\d
=003  UIUdb
=035  \\$a(OCoLC)ocn828722551
=040  \\$aUIU$erda$cUIU
=043  \\$an-us-in
=049  \\$aUIUU
=110  2\$aIndianapolis Normal School.
=245  10$aIndianapolis Normal School.
=264  \1$a[Indianapolis] :$b[Indianapolis Normal School],$c[1921]
=264  \4$aIndianapolis :$bMellett Printing Company,$c[1921]
=300  \\$a11 pages ;$c23 x 10 cm
=336  \\$atext$2rdacontent
=337  \\$aunmediated$2rdamedia
=338  \\$avolume$2rdacarrier
=500  \\$aTitle from cover.
=500  \\$aPages numbered in words.
=610  20$aIndianapolis Normal School.
=610  20$aIndianapolis Normal School$xCurricula.
=650  \0$aTeachers colleges$zIndiana$zIndianapolis.
=650  \0$aTeachers colleges$xCurricula$zIndiana$zIndianapolis.
=994  \\$aC0$bUIU
=955  \\$bark:/13960/t8wb1cv4k$qindianapolisnorm00indi
=852  8\$beresour-nc$hOnline Resource$t1
=856  41$3Full text - HathiTrust Digital Library$uhttps://hdl.handle.net/2027/uiuo.ark:/13960/t8wb1cv4k

