=LDR  00933cam a2200265M  4500
=001  1899221
=005  20091103100224.0
=008  900530s1920\\\\no\\\\\\\\\\\\000\0\nor\d
=003  UIUdb
=035  \\$a(OCoLC)ocm83944035
=040  \\$aMH$cHLS
=035  \\$9uc 01026342
=035  \\$9APC-7148
=049  \\$aUIUU
=245  00$aInnstilling til lov om bedriftsrad i industrielle virksomheter fra mindretallet i arbeiderkommisjonen av 1918.
=260  \\$aKristiana,$bGrøndahl & søns,$c1920.
=300  \\$a96 p. ;$c26 cm.
=500  \\$aOn cover: - Tillegg til "Sociale Meddelelser" Heft 2, 1920.
=650  \0$aEmployees representation in management.
=700  1\$aBjercke, Richard,$d1885-
=699  \9$a331.1N831
=994  \\$a92$bUIU
=955  \\$bark:/13960/t9b62sc8h$qinnstillingtillo00bjer
=852  8\$beresour-nc$hOnline Resource$t1
=856  41$3Full text - HathiTrust Digital Library$uhttps://hdl.handle.net/2027/uiuo.ark:/13960/t9b62sc8h

