=LDR  00921cam a2200241K  4500
=001  2136314
=005  20170724132723.0
=008  900530s1894\\\\ru\f\\\\\\\\\\000\0\lat\d
=003  UIUdb
=035  \\$a(OCoLC)ocm26299155
=040  \\$aZCU$beng$cZCU$dOCLCQ
=049  \\$aUIUU
=100  1\$aSurutshan, I.
=245  10$aInscriptiones Graecae et Latinae novissimis annis (1889-1894) Museo Surutschaniano quod est Kischinevi inlatae;$cediderunt I. Surutschan ..., B. Latyschev ...
=260  \\$aPetropoli,$btypis Academiae Caesareae scientiarum,$c1894.
=300  \\$a20 pages$b7 plates$c28 cm
=336  \\$atext$btxt$2rdacontent
=337  \\$aunmediated$bn$2rdamedia
=338  \\$avolume$bnc$2rdacarrier
=994  \\$aC0$bUIU
=955  \\$bark:/13960/t74v2t80v$qinscriptionesgra00suru_0
=852  8\$beresour-nc$hOnline Resource$t1
=856  41$3Full text - HathiTrust Digital Library$uhttps://hdl.handle.net/2027/uiuo.ark:/13960/t74v2t80v

