=LDR  00822ctm a22002532  4500
=001  2136303
=005  20071129222809.0
=008  900530s1901\\\\gw\\\\\\\\\\\\\\\\\\lat\u
=003  UIUdb
=035  \\$a(OCoLC)ocm77213630
=035  \\$9AQA-7810
=035  \\$9UC 05049426
=035  \\$a(UPvMLC)arg00985354
=040  \\$cUPvMLC$dUtOrBLW
=100  1\$aKern, Otto.
=245  10$aInscriptionum Thessalicarum antiquissimarum sylloge.
=260  \\$a[Tostock :$bs.n.,$c1901]
=300  \\$a18 p. ;$ccm.
=502  \\$aProgramm--Univ. Rostoch.
=911  \\$a481.7 K45I$1m$2AQA-7810$3UC 05049426$43/30/2004 14:28:47
=910  \\$aMARS
=955  \\$bark:/13960/t4mm2j53r$qinscriptionumthe00kern
=852  8\$beresour-nc$hOnline Resource$t1
=856  41$3Full text - HathiTrust Digital Library$uhttps://hdl.handle.net/2027/uiuo.ark:/13960/t4mm2j53r

