=LDR  00859cam a2200301I  4500
=001  2155908
=005  20030802160625.0
=008  900530s1913\\\\nyu\\\\\\\\\\\000\0\eng\d
=003  UIUdb
=035  \\$a(OCoLC)ocm15528580
=040  \\$aOBE$cOBE$dIXA$dUIU
=035  \\$9AQC-7544
=035  \\$9UC 01049790
=092  \\$a336.2$bR869
=090  \\$aHJ2424$b.R86 1913
=049  \\$aUIUU
=100  1\$aRumsey, David.
=245  10$aInter-state comity and double taxation.
=260  \\$aAlbany, N.Y. :$bLyon Co.,$c1913.
=300  \\$a8 p.$c23 cm.
=500  \\$aCover title.
=650  \0$aTaxation.
=910  \\$arcp3211
=994  \\$a02$bUIU
=910  \\$aMARS
=955  \\$bark:/13960/t3kx1mm60$qinterstatecomity00rums
=852  8\$beresour-nc$hOnline Resource$t1
=856  41$3Full text - HathiTrust Digital Library$uhttps://hdl.handle.net/2027/uiuo.ark:/13960/t3kx1mm60

