=LDR  01315cam a2200337Ki 4500
=001  3064835
=005  20170724090955.0
=008  900530s1911\\\\xx\\\\\\\\\\\\000\0\eng\d
=003  UIUdb
=035  \\$a(OCoLC)ocn994298412
=040  \\$aUIU$beng$erda$cUIU
=043  \\$an-us-oh
=092  \\$a338.81$bG28cf
=049  \\$aUIUU
=110  1\$aUnited States,$ecomplainant.
=245  10$aIn the United States Circuit Court, Northern District of Ohio, Eastern Division :$bUnited States of American, complainant, versus General Electric Company et al., defendants.
=264  \1$a[Place of publication not identified] :$b[publisher not identified],$c[1911]
=300  \\$a11 pages ;$c24 m
=336  \\$atext$btxt$2rdacontent
=337  \\$aunmediated$bn$2rdamedia
=338  \\$avolume$bnc$2rdacarrier
=500  \\$aCaption title.
=500  \\$aFront cover wanting.
=500  \\$a"In equity. No. 8120. Final decree."
=650  \0$aElectric utilities.
=710  2\$aGeneral Electric Company,$edefendant.
=710  1\$aUnited States.$bCircuit Court (Ohio : Northern District, Eastern Division)
=994  \\$aC0$bUIU
=955  \\$bark:/13960/t4tj4qk53$qinunitedstatesci00unit
=852  8\$beresour-nc$hOnline Resource$t1
=856  41$3Full text - HathiTrust Digital Library$uhttps://hdl.handle.net/2027/uiuo.ark:/13960/t4tj4qk53

