=LDR  00902cam a2200265Ii 4500
=001  2271019
=005  20130314123430.0
=008  900530s1921\\\\ilu\\\\\\\\\\\000\0\eng\d
=003  UIUdb
=035  \\$a(OCoLC)ocn830001554
=040  \\$aUIU$cUIU$erda
=049  \\$aUIUU
=100  1\$aKinley, David,$d1861-1944.
=245  12$aIs it worth the price?
=264  \1$aUrbana,IL$bUniversity of Illinois,$c1921.
=300  \\$a1 leaflet (6 p.)$c23 cm.
=336  \\$atext$2rdacontent
=337  \\$aunmediated$2rdamedia
=338  \\$avolume$2rdacarrier
=490  0\$aUniversity of Illinois Bulletin$vv. 18, no.27 (March 7, 1921)
=610  20$aUniversity of Illinois (Urbana-Champaign campus)
=994  \\$aC0$bUIU
=955  \\$bark:/13960/t26b3br94$qisitworthprice00kinl
=852  8\$beresour-nc$hOnline Resource$t1
=856  41$3Full text - HathiTrust Digital Library$uhttps://hdl.handle.net/2027/uiuo.ark:/13960/t26b3br94

