=LDR  00843cam a2200265K  4500
=001  2241101
=005  20030805040336.0
=008  900530s1869\\\\mau\\\\\\\\\\\000\0\eng\d
=003  UIUdb
=035  \\$a(OCoLC)ocm43999669
=040  \\$aNYP$cNYP$dUIU
=035  \\$9AQL-3245
=035  \\$9UC 14003420
=049  \\$aUIUU
=100  1\$aWarren, George Washington,$d1813-1883.
=245  10$aIs the Treasury of the United States managed for private profit?
=260  \\$aBoston :$bA. Williams & Co.,$c1869.
=300  \\$a14 p.$c8vo.
=650  \4$aFinance (Public)$zUnited States, 1869.
=910  \\$arcp1326
=994  \\$a02$bUIU
=910  \\$aMARS
=955  \\$bark:/13960/t7sn6dg0x$qistreasuryofunit00warr
=852  8\$beresour-nc$hOnline Resource$t1
=856  41$3Full text - HathiTrust Digital Library$uhttps://hdl.handle.net/2027/uiuo.ark:/13960/t7sn6dg0x

