=LDR  00862nam a2200241 a 4500
=001  3622154
=005  20020415165150.0
=008  940621s1866\\\\it\\\\\\\\\\\\000\0\ita\d
=003  UIUdb
=035  \\$a(OCoLC)ocm30634236
=035  \\$9AXW-8930
=040  \\$aUIU$cUIU
=043  \\$an-us---
=100  1\$aTamburini, Nicola Gaetani.
=245  10$aIstruzione del popolo in America /$cda Nicola Gaetani Tamburini.
=260  \\$aBrescia :$bTip. del Giornale la sentinella bresciana,$c1866.
=300  \\$a29 p. ;$c19 cm.
=500  \\$a"Notizie lette nell'Ateneo di Brescia."
=650  \0$aEducation$zUnited States$xHistory$y19th century.
=710  20$aAteneo di Brescia.
=955  \\$bark:/13960/t5z66r789$qistruzionedelpop00tamb
=852  8\$beresour-nc$hOnline Resource$t1
=856  41$3Full text - HathiTrust Digital Library$uhttps://hdl.handle.net/2027/uiuo.ark:/13960/t5z66r789

