=LDR  00851cam a2200277K  4500
=001  1958923
=005  20030731190801.0
=008  900530r1903uuuugw\\\\\\\\\\\\000\0\ger\d
=003  UIUdb
=035  \\$a(OCoLC)ocm45172587
=040  \\$aYUS$cYUS$dUIU
=035  \\$9API-7290
=035  \\$9UC 00055574
=049  \\$aUIUU
=100  1\$aFelsenthal, Bernhard,$d1822-1908.
=245  10$aJüdische Thesen.$cVon B. Felsenthal ...
=260  \\$aBerlin,$c1903.
=300  \\$a18 p.$c23 cm.
=500  \\$aCover-title.
=500  \\$aSonderabdruck aus "Festschrift zum 70. Geburtstage A. Berliner's".
=910  \\$arcp2404
=994  \\$a02$bUIU
=910  \\$aMARS
=955  \\$bark:/13960/t3hx7js5k$qjudischethesen00fels
=852  8\$beresour-nc$hOnline Resource$t1
=856  41$3Full text - HathiTrust Digital Library$uhttps://hdl.handle.net/2027/uiuo.ark:/13960/t3hx7js5k

