=LDR  01062cam a2200277Mi 4500
=001  5996777
=005  20090911161329.0
=008  020325q19101911xx\\\\\\\b\\\\000\0\eng\d
=003  UIUdb
=035  \\$a(OCoLC)ocm49582149
=040  \\$aPIT$cPIT$dOCLCQ
=049  \\$aUIUU
=100  1\$aFellows, Jennie Dorca,$d1873-
=245  10$a[Junior cataloguing based on A.L.A. rules] /$cJennie D. Fellows.
=260  \\$c[1910 or 1911]
=300  \\$a1 v. (various pagings) ;$c25 cm.
=500  \\$aBinder's compilation of mimeographed directions used in the cataloging course at New York State Library School, Albany.
=500  \\$aLacking t.p.
=504  \\$aIncludes bibliographical references.
=505  0\$aJunior cataloguing / Jennie D. Fellows. 23 lists
=650  \0$aDescriptive cataloging$vRules.
=710  2\$aNew York State Library.$bSchool.
=994  \\$aC0$bUIU
=955  \\$bark:/13960/t5w72pg3d$qjuniorcataloguin00fell
=852  8\$beresour-nc$hOnline Resource$t1
=856  41$3Full text - HathiTrust Digital Library$uhttps://hdl.handle.net/2027/uiuo.ark:/13960/t5w72pg3d

