=LDR  01104nam a2200265 a 4500
=001  1734214
=005  20020415162312.0
=008  910409s1888\\\\rur\\\\\\c\\\\00010\rusod
=003  UIUdb
=035  \\$a(OCoLC)ocm23443063
=035  \\$9ANS-9164
=040  \\$cUIU
=043  \\$ae-ur---
=110  20$aBiblīoteka sluzhashchikh v Ministerstvi͡e finansov (Saint Petersburg, Russia)
=245  10$aKatalog Biblīoteki sluzhashchikh v Ministerstvi͡e finansov /$csostavlen, pod redakt͡sieĭ O.B. Vizelʹ, bibliotekarem A.A. Konopasevichem.
=250  \\$a4-e izd.
=260  0\$aS.-Peterburg :$bTip. ėkspedit͡sii zagotovlenīi͡a gos. bumag,$c1888.
=300  \\$a222 p. ;$c24 cm.
=610  20$aBiblīoteka sluzhashchikh v Ministerstvi͡e finansov (Russia)$xCatalogs.
=700  10$aKonopasevich, A. A.
=700  10$aVizelʹ, O. B.
=740  01$aKatalog Biblioteki sluzhashchikh v Ministerstve finansov.
=955  \\$bark:/13960/t0kt2wt2k$qkatalogbibliotek00bibl
=852  8\$beresour-nc$hOnline Resource$t1
=856  41$3Full text - HathiTrust Digital Library$uhttps://hdl.handle.net/2027/uiuo.ark:/13960/t0kt2wt2k

