=LDR  01069ccm a2200301Ia 4500
=001  2236105
=005  20030801133716.0
=008  900530t18841867pauhyg\\\\\\\\\n\\\\ger\d
=003  UIUdb
=035  \\$a(OCoLC)ocm35754406
=040  \\$aCIN$cCIN$dUIU
=035  \\$9AQK-8240
=035  \\$9UC 09035486
=090  \\$aM2132.G3$bK4 1884
=049  \\$aUIUU
=245  00$aKirchen-Chöre.$nErster Theil :$beine Sammlung der beliebtesten und besten Gesangstücke für kirchliche Gesang-Vereine /$cbearbeitet von G. F. Landenberger, und mehreren Andern.
=260  \\$aPhiladelphia :$bI. Kohler,$c1884, c1867.
=300  \\$a1 close score (235 p.) ;$c20 x 26 cm.
=650  \0$aPart songs, German.
=650  \0$aPart songs, Sacred.
=650  \0$aHymns, German$zUnited States.
=700  1\$aLandenberger, G. F.
=910  \\$arcp3356
=994  \\$a02$bUIU
=910  \\$aMARS
=955  \\$bark:/13960/t12p1b904$qkirchenchoreeine00land
=852  8\$beresour-nc$hOnline Resource$t1
=856  41$3Full text - HathiTrust Digital Library$uhttps://hdl.handle.net/2027/uiuo.ark:/13960/t12p1b904

