=LDR  01047cam a2200301Ia 4500
=001  1937243
=005  20100514142925.0
=008  900530s1836\\\\sz\\\\\\\\\\\\000\0\ger\d
=003  UIUdb
=035  \\$a(OCoLC)ocn614476124
=040  \\$aUIU$cUIU
=041  0\$ager
=092  \\$a242.2$bSt3k
=049  \\$aUIUU
=100  1\$aSteiger, Karl.
=245  10$aKleine Wochenpredigten über des Christen Stimmung und der Welt Ton /$cvon Karl Steiger.
=246  3\$aKleine Wochenpredigten ueber des Christen Stimmung und der Welt Ton
=246  14$aKleine Wochenpredigten
=260  \\$aSt. Gallen :$bWartmann und Scheitlin ,$c1836$e(Herisau :$fFr. Egli).
=300  \\$a172 p. ;$c19 cm.
=500  \\$a"Zum Besten einer armen, schmerzenreichen Wittwe."
=546  \\$aIn German.
=650  \0$aMeditations.
=936  \\$aPR 83668880
=994  \\$aC0$bUIU
=955  \\$bark:/13960/t04z1h65c$qkleinewochenpred00stei
=852  8\$beresour-nc$hOnline Resource$t1
=856  41$3Full text - HathiTrust Digital Library$uhttps://hdl.handle.net/2027/uiuo.ark:/13960/t04z1h65c

