=LDR  01073nam a2200253 a 4500
=001  3516924
=005  20020415165118.0
=008  841219s1907\\\\gw\\\\\\\\\\\\000\0\ger\d
=003  UIUdb
=035  \\$a(OCoLC)ocm11510439
=035  \\$9AXB-6934
=040  \\$aNOC$cNOC$dUIU
=100  1\$aBöhme, Karl August,$d1877-
=245  10$aKolonisation und Landarbeiterfrage in ihrer Bedeutung für das deutsche Volkstum :$berweiterter Vortrag, gehalten auf dem deutschsozialen Parteitage zu Frankfurt a. M. am 9. September 1907 /$cKarl Böhme.
=250  \\$aErweiterter Vortrag [expanded ed.]
=260  \\$aHamburg :$bVerlag der Deutschnationalen Buchhandlung und Verlags-Anstalt,$c[1907]
=300  \\$a55 p. ;$c22 cm.
=650  \0$aAgricultural colonies$zGermany.
=650  \0$aLand tenure$zGermany
=650  \0$aAgriculture and state$zGermany.
=650  \0$aLand reform$zGermany
=955  \\$bark:/13960/t7dr92n37$qkolonisationundl00bohm
=852  8\$beresour-nc$hOnline Resource$t1
=856  41$3Full text - HathiTrust Digital Library$uhttps://hdl.handle.net/2027/uiuo.ark:/13960/t7dr92n37

