=LDR  01044cam a2200265K  4500
=001  1977969
=005  20030805055119.0
=008  900530s1907\\\\sz\\\\\\\\\\\\000\0\swe\d
=003  UIUdb
=035  \\$a(OCoLC)ocm40368829
=040  \\$aCGU$cCGU$dUIU
=035  \\$9APK-6419
=035  \\$9UC 14032610
=049  \\$aUIUU
=110  1\$aSwitzerland.$bObersolldirektion.
=245  10$aKonkordanz des früheren statistischen warenverzeichnisses mit dem neuen gebrauchstarif.$bHrsg. vom Schweizerischen zolldepartement. Concordance de l'ancien répertoire statistique des marchandises avec le nouveau tarif d'usage.$cPubliée par le Département fédéral des douanes.
=260  \\$a[Bern?,$c1907]
=300  \\$a47 p.$c26 cm.
=650  \0$aTariff$xLaw and legislation$zSwitzerland.
=910  \\$arcp3356
=994  \\$a02$bUIU
=910  \\$aMARS
=955  \\$bark:/13960/t8jf1355q$qkonkordanzdesfru00swit
=852  8\$beresour-nc$hOnline Resource$t1
=856  41$3Full text - HathiTrust Digital Library$uhttps://hdl.handle.net/2027/uiuo.ark:/13960/t8jf1355q

