=LDR  00936cam a2200301Ia 4500
=001  1788358
=005  20030803224206.0
=008  900530q19001993gw\a\\\\\\\\\\000\0\ger\d
=003  UIUdb
=035  \\$a(OCoLC)ocm29237477
=040  \\$aRSG$cRSG$dUIU
=035  \\$9AOE-5291
=035  \\$9UC 12006238
=043  \\$ae-gx---
=049  \\$aUIUU
=245  00$aKriegslieder des XV. Korps 1914-1915 :$bvon den Vogesen bis Ypern.
=260  \\$aBerlin :$bP. Cassirer,$c[19--]
=300  \\$a80 p. :$bill. ;$c20 cm.
=500  \\$aIllustrated by Max Beckmann.
=650  \0$aWorld War, 1914-1918$vPoetry.
=650  \0$aWar poetry, German.
=700  1\$aBeckmann, Max,$d1884-1950.
=910  \\$arcp2763
=994  \\$a02$bUIU
=910  \\$aMARS
=955  \\$bark:/13960/t8md54r23$qkriegsliederdesx00beck
=852  8\$beresour-nc$hOnline Resource$t1
=856  41$3Full text - HathiTrust Digital Library$uhttps://hdl.handle.net/2027/uiuo.ark:/13960/t8md54r23

