=LDR  01550cam a2200349M  4500
=001  2224830
=005  20030730141328.0
=008  900530m18851889gw\\\\\\\\\\\\000\0\ger\d
=003  UIUdb
=035  \\$a(OCoLC)ocm39670734
=040  \\$aZCU$cZCU$dUIU
=035  \\$9AQJ-6927
=035  \\$9UC 00018893
=049  \\$aUIUU
=100  1\$aHartmann, Eduard von,$d1842-1906.
=245  10$aKritische Grundlegung des Transcendentalen Realismus.$bEine Sichtung und Fortbildung der erkenntnisstheoretischen Principien Kant's ...
=260  \\$aBerlin :$bDuncker,$c1885-[1889]
=300  \\$a2 v.$c24 cm.
=490  0\$aIn his Ausgewählte werke,$vBd. 1, 1-2
=500  \\$aVol. 1 is 3. neu durchgesehene und verm. Aufl.
=500  \\$aPreface to v.1 reads: Die Erste Auflage dieser schrift erschien i. J. 1871 unter dem Titel "Das Ding an sich und seine Beschaffenheit."
=500  \\$aTitle of v.2 reads: Das Grundproblem der Erkenntnisstheorie; Eine phänomenologische Durchwanderung der möglichen erkenntnisstheoretischen Standpunkte. Leipzig, Friedrich [pref. 1889.]
=600  10$aKant, Immanuel,$d1724-1804.
=650  \0$aKnowledge, Theory of.
=650  \0$aTranscendentalism.
=800  1\$aHartmann, Eduard von,$d1842-1906.$tKritische Grundlegung des Transcendentalen Realismus.
=910  \\$arcp2543
=994  \\$a02$bUIU
=910  \\$aMARS
=955  \\$bark:/13960/t4hn1fk1z$qkritischegrundle00hart_0
=852  8\$beresour-nc$hOnline Resource$t1
=856  41$3Full text - HathiTrust Digital Library$uhttps://hdl.handle.net/2027/uiuo.ark:/13960/t4hn1fk1z

