=LDR  00911cam a2200277Ii 4500
=001  3218221
=005  20030805121903.0
=008  900530s1921\\\\sp\a\\\\\\\\\\000\1\spa\d
=003  UIUdb
=035  \\$a(OCoLC)ocm05668670
=040  \\$aIXA$cIXA$dUIU
=035  \\$9AUS-1919
=035  \\$9UC 14014470
=090  \\$aPQ6605.A76$bC658
=049  \\$aUIUU
=100  1\$aCarrere, Emilio,$d1881-1947.
=245  13$aLa conversión de Florestán :$bnovela /$cde Emilio Carrére ; ilustraciones de Máximo Ramos.
=260  \\$aMadrid :$bPrensa Gráfica,$c1921.
=300  \\$a63 p. :$bill. ;$c15 cm.
=440  \3$aLa novela semanal ;$vaño 1, núm. 6
=910  \\$arcp3697
=994  \\$a02$bUIU
=910  \\$aMARS
=955  \\$bark:/13960/t9480m81s$qlaconversiondefl00carr
=852  8\$beresour-nc$hOnline Resource$t1
=856  41$3Full text - HathiTrust Digital Library$uhttps://hdl.handle.net/2027/uiuo.ark:/13960/t9480m81s

