=LDR  00907cam a2200265K  4500
=001  2516058
=005  20030809101903.0
=008  900530s1919\\\\enk\\\\\\\\\\\000\0\ita\d
=003  UIUdb
=035  \\$a(OCoLC)ocm37742813
=040  \\$aNYP$cNYP$dUIU
=035  \\$9ARN-3258
=035  \\$9UC 05047192
=049  \\$aUIUU
=100  1\$aGrillo, Ernesto.
=245  13$aLa dolce favella;$ba progressive Italian reader for the use of high schools and commercial colleges.$cEdited with notes by Ernesto Grillo ...
=260  \\$aLondon :$bHirschfeld Bros., Ltd.,$c1919.
=300  \\$a323 p.$c12mo.
=650  \4$aItalian language$xExercises and readers.
=910  \\$arcp0400
=994  \\$a02$bUIU
=910  \\$aMARS
=955  \\$bark:/13960/t8hf42732$qladolcefavellapr00gril
=852  8\$beresour-nc$hOnline Resource$t1
=856  41$3Full text - HathiTrust Digital Library$uhttps://hdl.handle.net/2027/uiuo.ark:/13960/t8hf42732

