=LDR  00990cam a2200289Mi 4500
=001  2016368
=005  20160604211448.0
=008  900530s1908\\\\fr\\\\\\\\\\\\000\0\fre\d
=003  UIUdb
=035  \\$a(OCoLC)ocm64856807
=040  \\$aNLGGC$bdut$efobidrtb$cNLGGC
=049  \\$aUIUU
=100  1\$aColliez, André.
=245  12$aL'agriculture et les transports.
=260  \\$aParis :$b[s.n.],$c1908.
=300  \\$c?cm.
=336  \\$atekst$btxt$2rdacontent/dut
=337  \\$azonder medium$bn$2rdamedia/dut
=338  \\$aband$bnc$2rdacarrier/dut
=500  \\$aExtrait de la Revue politique et parlementaire.
=910  \\$aMARS
=911  \\$1m$2APO-7115$3UC 14036726$47/6/2004 16:08:11$a380 C69A
=945  \\$aMaster record variable field(s) change: 100$b06/03/2016
=994  \\$a92$bUIU
=955  \\$bark:/13960/t6d284t09$qlagricultureetle00coll
=852  8\$beresour-nc$hOnline Resource$t1
=856  41$3Full text - HathiTrust Digital Library$uhttps://hdl.handle.net/2027/uiuo.ark:/13960/t6d284t09

