=LDR  00870cam a22002533a 4500
=001  2149861
=005  20170721151512.0
=008  900530s1914\\\\it\\\\\\\\\\\\000\0\fre\d
=003  UIUdb
=035  \\$a(OCoLC)ocn504596284
=040  \\$aUKMGB$beng$cUKMGB$dOCLCQ
=016  7\$a003236316$2Uk
=049  \\$aUIUU
=100  1\$aSALVO, Salvatore.
=245  10$aLa guerra, la neutralità d'Italia e Guglielmo II. Terza edizione riveduta ed ampliata.
=260  \\$aPalermo :$bStabilimento Tipografico Lao,$c1914.
=300  \\$a35 pages ;$c21 cm
=336  \\$atext$btxt$2rdacontent
=337  \\$aunmediated$bn$2rdamedia
=338  \\$avolume$bnc$2rdacarrier
=994  \\$aC0$bUIU
=955  \\$bark:/13960/t2w43zt46$qlaguerralaneutra00salv
=852  8\$beresour-nc$hOnline Resource$t1
=856  41$3Full text - HathiTrust Digital Library$uhttps://hdl.handle.net/2027/uiuo.ark:/13960/t2w43zt46

