=LDR  01149nam a2200313Ii 4500
=001  7192011
=005  20130411092042.0
=008  130411s1893\\\\ilu\\\\\\\\\\\000\0\eng\d
=003  UIUdb
=035  \\$a(OCoLC)ocn838047884
=040  \\$aUIU$cUIU$erda
=043  \\$an-us-il
=049  \\$aUIUU
=100  1\$aMcClure, James G. K.$q(James Gore King),$d1848-1932.
=245  10$aLake Forest University :$breport of James G.K. McClure, D.D., president pro tempore : June 14th, 1893.
=264  \1$a[Lake Forest, Ill.] :$b[Lake Forest University],$c[1893]
=300  \\$a10 pages ;$c21 cm
=336  \\$atext$2rdacontent
=337  \\$aunmediated$2rdamedia
=338  \\$avolume$2rdacarrier
=500  \\$aCaption title.
=500  \\$a"To the Trustees of the University."
=610  20$aLake Forest University.
=650  \0$aUniversities and colleges$zIllinois$zLake Forest.
=710  2\$aLake Forest University.$bBoard of Trustees.
=994  \\$aC0$bUIU
=955  \\$bark:/13960/t47q56d02$qlakeforestuniver00mccl
=852  8\$beresour-nc$hOnline Resource$t1
=856  41$3Full text - HathiTrust Digital Library$uhttps://hdl.handle.net/2027/uiuo.ark:/13960/t47q56d02

