=LDR  01316cam a2200325I  4500
=001  2010743
=005  20170721083032.0
=008  900530s1893\\\\fr\a\\\\\\\\\\000\0\fre\d
=003  UIUdb
=035  \\$a(OCoLC)ocm01931687
=040  \\$aBNG$beng$cBNG$dOCLCQ$dOCLCF$dOCLCO$dOCLCQ
=019  \\$a83628365$a276900031
=050  \4$aPN2091.S8$bM8
=082  04$a792
=049  \\$aUIUU
=100  1\$aMoynet, Georges.
=245  13$aLa machinerie théatrale.$bTrucs et décors.$cExplication raisonnée de tous les moyens employés pour produire les illusions théatrales.
=246  3\$aTrucs et décors
=260  \\$aParis,$bLibrairie illustrée$c[1893]
=300  \\$a408 pages$bcolor frontispiece, illustrations$c25 cm
=336  \\$atext$btxt$2rdacontent
=337  \\$aunmediated$bn$2rdamedia
=338  \\$avolume$bnc$2rdacarrier
=650  \0$aTheaters$xStage-setting and scenery.
=650  \7$aTheaters$xStage-setting and scenery.$2fast$0(OCoLC)fst01149404
=776  08$iOnline version:$aMoynet, Georges.$tMachinerie théatrale.$dParis, Librairie illustrée [1893]$w(OCoLC)844588839
=994  \\$aC0$bUIU
=955  \\$bark:/13960/t88h4tp8x$qlamachineriethea00moyn
=852  8\$beresour-nc$hOnline Resource$t1
=856  41$3Full text - HathiTrust Digital Library$uhttps://hdl.handle.net/2027/uiuo.ark:/13960/t88h4tp8x

