=LDR  00726cam a2200253K  4500
=001  2231451
=005  20030801113417.0
=008  900530s1922\\\\fr\a\\\\\\\\\\000\0\fre\d
=003  UIUdb
=035  \\$a(OCoLC)ocm18705864
=040  \\$aEUW$cEUW$dUIU
=035  \\$9AQK-3576
=035  \\$9UC 06010501
=049  \\$aUIUU
=100  1\$aGuiart, Jules.
=245  13$aLa médecine au temps des pharaons.
=260  \\$aParis :$bPoulenc,$c1922.
=300  \\$a47 p.:$bill.
=910  \\$arcp3170
=994  \\$a02$bUIU
=910  \\$aMARS
=955  \\$bark:/13960/t0rr82f6s$qlamedecineautemp00guia
=852  8\$beresour-nc$hOnline Resource$t1
=856  41$3Full text - HathiTrust Digital Library$uhttps://hdl.handle.net/2027/uiuo.ark:/13960/t0rr82f6s

