=LDR  01065cam a2200301K  4500
=001  2185412
=005  20030809102010.0
=008  900530s1909\\\\fr\\\\\\\\\\\\000\0\fre\d
=003  UIUdb
=035  \\$a(OCoLC)ocm18318400
=040  \\$aMUM$cMUM$dUIU
=035  \\$9AQF-7164
=035  \\$9UC 22000978
=090  \\$aJX5771$b.G7
=049  \\$aUIUU
=100  1\$aGrovalet, Charles.
=245  13$aLa navigation aérienne devant le droit international.
=260  \\$aNantes :$bA. Dugas & cie,$c1909.
=300  \\$a120 p.$c24 cm.
=505  0\$a1. pt. Etude juridique du domaine aérien.--2. pt. Rapports entre les neutres et les belligérantes.--3. pt. Rapports de puissances belligérantes entre elles.
=650  \0$aInternational law and relations.
=650  \0$aAeronautics$xLaw and legislation.
=910  \\$arcp2817
=994  \\$a02$bUIU
=910  \\$aMARS
=955  \\$bark:/13960/t0wq65t44$qlanavigationaeri00grov
=852  8\$beresour-nc$hOnline Resource$t1
=856  41$3Full text - HathiTrust Digital Library$uhttps://hdl.handle.net/2027/uiuo.ark:/13960/t0wq65t44

