=LDR  00864cam a2200289I  4500
=001  2261230
=005  20030730182913.0
=008  900530s1884\\\\enk\\\\\\\\\\\000\0\eng\d
=003  UIUdb
=035  \\$a(OCoLC)ocm41384055
=040  \\$aGZM$cGZM$dUIU
=035  \\$9AQN-5165
=035  \\$9UC 04003108
=090  \\$aHD592$b.S2
=049  \\$aUIUU
=100  1\$aSaunders, William,$d1823-1895.
=245  10$aLand laws and their results, at home and abroad.
=250  \\$a[2d ed.]
=260  \\$aHull :$bEastern Morning News,$c[1884]
=300  \\$a59 p.$c22 cm.
=650  \0$aLand tenure$xGreat Britain.
=910  \\$arcp1723
=994  \\$a02$bUIU
=910  \\$aMARS
=955  \\$bark:/13960/t3vt7vk27$qlandlawstheirres00saun
=852  8\$beresour-nc$hOnline Resource$t1
=856  41$3Full text - HathiTrust Digital Library$uhttps://hdl.handle.net/2027/uiuo.ark:/13960/t3vt7vk27

