=LDR  00956nam a2200253 a 4500
=001  3818585
=005  20020415165256.0
=008  960404s1846\\\\ie\\\\\\\\\\\\000\0\eng\d
=003  UIUdb
=035  \\$a(OCoLC)ocm34511471
=035  \\$9AZO-2079
=040  \\$aUIU$cUIU
=043  \\$ae-ie---
=100  1\$aRedmond, S.,
=245  10$aLandlordism in Ireland :$bletters on the eviction of the Gerrard tenantry /$cby S. Redmond.
=260  \\$aDublin :$bW. Lowe, printer,$c1846.
=300  \\$a50 p. ;$c18 cm.
=500  \\$a"A portion of which appeared originally in the Freeman's journal."
=650  \0$aLand tenure$zIreland$zGalway (County)$xHistory.
=651  \0$aGalway (Ireland : County)$xHistory.
=651  \0$aGalway (Ireland : County)$xEconomic conditions.
=955  \\$bark:/13960/t89h1vv6s$qlandlordisminire00redm
=852  8\$beresour-nc$hOnline Resource$t1
=856  41$3Full text - HathiTrust Digital Library$uhttps://hdl.handle.net/2027/uiuo.ark:/13960/t89h1vv6s

