=LDR  01094cam a22003137a 4500
=001  2004624
=005  20030802052953.0
=008  900530s1913\\\\dcu\\\\\\\\\\\000\0\eng\\
=003  UIUdb
=010  \\$a   92839282 
=035  \\$a(OCoLC)ocm35183578
=040  \\$aDLC$cDLC$dUIU
=035  \\$9APN-5350
=035  \\$9UC 04001672
=050  00$aYA 8508
=049  \\$aUIUU
=100  1\$aLubin, David,$d1849-1919.
=245  14$aThe landschaft :$bco-operative rural credit : comments on Sundry rural credit systems for adoption /$cby David Lubin.
=260  \\$a[Washington, D.C.? :$bInternational Institute of Agriculture,$c1913]
=300  \\$a24 p. ;$c22 cm.
=500  \\$aCaption title.
=650  \0$aAgricultural cooperative credit associations$zUnited States.
=710  2\$aYA Pamphlet Collection (Library of Congress)$5DLC
=910  \\$arcp1723
=994  \\$a02$bUIU
=910  \\$aMARS
=955  \\$bark:/13960/t6n07bx07$qlandschaftcooper00lubi_1
=852  8\$beresour-nc$hOnline Resource$t1
=856  41$3Full text - HathiTrust Digital Library$uhttps://hdl.handle.net/2027/uiuo.ark:/13960/t6n07bx07

