=LDR  00790cam a2200241Mu 4500
=001  6427154
=005  20101216123833.0
=008  000808s1893\\\\it\\\\\\\\\\\\000\0\ita\\
=003  UIUdb
=010  \\$a   07022457 
=035  \\$a(OCoLC)ocm80406458
=040  \\$aDLC$beng$cE8W$dOCLCQ$dUIU
=049  \\$aUIUU
=100  1\$aIozzi, Oliviero.
=245  13$aLa patria di Cristoforo Colombo.
=260  \\$aPisa,$bTip. di A. Valenti,$c1893.
=300  \\$a16 p.$c21 cm.
=500  \\$aIn favor of Albisola Marina.
=600  10$aColumbus, Christopher$xBirthplace$zAlbisola Marina.
=994  \\$aC0$bUIU
=955  \\$bark:/13960/t1jh9rv8s$qlapatriadicristo00iozz
=852  8\$beresour-nc$hOnline Resource$t1
=856  41$3Full text - HathiTrust Digital Library$uhttps://hdl.handle.net/2027/uiuo.ark:/13960/t1jh9rv8s

