=LDR  00844nam a2200241   4500
=001  3415731
=005  20020415165045.0
=008  911101s1913\\\\fr\ab\\\\\\\\\000\0\fre\\
=003  UIUdb
=035  \\$a(OCoLC)ocm24664131
=035  \\$9AWA-5677
=040  \\$aDLC$cRQR
=050  0\$aF1234$b.C13
=100  1\$aCAILLE, ALEXIS
=245  03$aLa question mexicaine et les intérêts français ...
=260  \\$aParis,$b"Le Nouveau monde,"$c1913.
=300  \\$a63, [1] p.$b1 illus. (map)$c22 cm.
=651  \0$aMexico$xForeign relations$zFrance.
=651  \0$aMexico$xPolitics and government$y1910-1946
=651  \0$aFrance$xForeign relations$zMexico.
=955  \\$bark:/13960/t08w9n15c$qlaquestionmexica00cail
=852  8\$beresour-nc$hOnline Resource$t1
=856  41$3Full text - HathiTrust Digital Library$uhttps://hdl.handle.net/2027/uiuo.ark:/13960/t08w9n15c

