=LDR  00952ctm a22002771  4500
=001  2360975
=005  20071204223346.0
=008  900530s1909\\\\pe\\\\\\\\\\\\\\\\\\spa\u
=003  UIUdb
=035  \\$a(OCoLC)ocm77226782
=035  \\$9AQX-5659
=035  \\$9UC 01019763
=035  \\$auil00057205
=040  \\$dUtOrBLW
=100  1\$aDuarte, Luis M.
=245  13$aLa religión y el estado :$bestudio sobre el artículo IV de la constitución política vigente en la república.
=260  \\$aLima, Peru,$c1909.
=300  \\$a34 p. ;$ccm.
=502  \\$aTesis--Universidad mayor de San Marcos de Lima.
=651  \0$aPeru$xChurch and state.
=911  \\$1m$2AQX-5659$3UC 01019763$47/7/2004 8:02:33$a322 D849R
=913  \\$145480
=910  \\$aMARS
=955  \\$bark:/13960/t5t78md59$qlareligionyelest00duar
=852  8\$beresour-nc$hOnline Resource$t1
=856  41$3Full text - HathiTrust Digital Library$uhttps://hdl.handle.net/2027/uiuo.ark:/13960/t5t78md59

