=LDR  00921cam a2200289Ia 4500
=001  1758959
=005  20030806043840.0
=008  900530q18001899sp\\\\\\\\\\\\000\0\spa\d
=003  UIUdb
=035  \\$a(OCoLC)ocm14195268
=040  \\$aNOC$cNOC$dUIU
=035  \\$9AOB-4925
=035  \\$9UC 14012047
=090  \\$aPQ6217$b.T445 v. 2, no. 5
=049  \\$aUIUU
=245  04$aLas cárceles de Lemberg :$bcomedia en prosa en cinco actos.
=260  \\$aValencia :$bImpr. de M. Domingo,$c[18--?]
=300  \\$a24 p. ;$c24 cm.
=500  \\$aCaption title.
=500  \\$a"Núm. 10."
=500  \\$aNo. 5, in vol. 2 with binder's title: Teatro Antiguo Borrás.
=910  \\$arcp2404
=994  \\$a02$bUIU
=910  \\$aMARS
=955  \\$bark:/13960/t1fj8pd47$qlascarcelesdelem00unse
=852  8\$beresour-nc$hOnline Resource$t1
=856  41$3Full text - HathiTrust Digital Library$uhttps://hdl.handle.net/2027/uiuo.ark:/13960/t1fj8pd47

