=LDR  00978cam a2200313I  4500
=001  2645572
=005  20080216181231.0
=008  900530s1918\\\\sz\\\\\\\\\\\\000\0\fre\d
=003  UIUdb
=035  \\$a(OCoLC)ocm01892459
=040  \\$aIXA$cIXA$dOCL$dOCLCQ
=988  \\$9uc 01034446
=035  \\$9uc 01034446
=035  \\$9ASA-6208
=043  \\$ae-urs--
=090  \\$aDK750$b.K385
=049  \\$aUIUU
=100  1\$aKasʹi͡anov, N.
=245  13$aLa Sibérie et la poussée allemande vers lʹOrient,$cpar N. Kassianow.
=260  \\$aBerne,$bPaul Haupt,$c1918.
=300  \\$a68 p.$c21 cm.
=651  \0$aSiberia (Russia)$xEconomic conditions.
=650  \0$aGermans$zRussia (Federation)$zSiberia.
=650  \0$aPangermanism.
=699  \9$a327.43K15S
=994  \\$a92$bUIU
=955  \\$bark:/13960/t7qp2br1c$qlasiberieetlapou00kasi
=852  8\$beresour-nc$hOnline Resource$t1
=856  41$3Full text - HathiTrust Digital Library$uhttps://hdl.handle.net/2027/uiuo.ark:/13960/t7qp2br1c

