=LDR  00858cam a2200265K  4500
=001  1975921
=005  20030811042859.0
=008  900530s1917\\\\sdu\\\\\\\\\\\000\0\eng\d
=003  UIUdb
=035  \\$a(OCoLC)ocm48234416
=040  \\$aYUS$cYUS$dOCLCQ$dUIU
=035  \\$9APK-4370
=035  \\$9UC 12056191
=049  \\$aUIUU
=110  1\$aSouth Dakota.
=245  10$aLaws of South Dakota relating to assessment and taxation of public service corporations ...$cIssued by Tax commission ... 1917 ...
=260  \\$a[Pierre, S.D.,$c1917]
=300  \\$a31, [1] p.$c23 cm.
=500  \\$aCover title.
=910  \\$arcp3256
=994  \\$a02$bUIU
=910  \\$aMARS
=955  \\$bark:/13960/t26b3c226$qlawsofsouthdakot00sout
=852  8\$beresour-nc$hOnline Resource$t1
=856  41$3Full text - HathiTrust Digital Library$uhttps://hdl.handle.net/2027/uiuo.ark:/13960/t26b3c226

