=LDR  01096cam a2200313I  4500
=001  2008831
=005  20030819200634.0
=008  900530s1909\\\\mau\\\\\\\\\\\000\0\eng\\
=003  UIUdb
=010  \\$a   20016372 
=035  \\$a(OCoLC)ocm29730264
=040  \\$aDLC$cINU$dOCL$dOCLCQ$dUIU
=035  \\$9APN-9558
=035  \\$9UC 07082780
=050  0\$aHG4925.A2$bR6 1909
=092  \\$a332.1$bR754
=049  \\$aUIUU
=100  1\$aRollins, Montgomery,$d1867-1918.
=245  10$aLaws regulating the investment of bank funds;$ba compilation of the laws of various states relating to the investment of funds of state banking institutions,$ccomp. by Montgomery Rollins ...
=260  \\$aBoston :$bFinancial Pub. Co.,$c[c1909]
=300  \\$a[404 p.$c18 cm.
=500  \\$aVarious pagings.
=650  \0$aBanking law$zUnited States.
=910  \\$arcp3573
=994  \\$a02$bUIU
=910  \\$aMARS
=955  \\$bark:/13960/t5v75kg2h$qlawsregulatingin00roll
=852  8\$beresour-nc$hOnline Resource$t1
=856  41$3Full text - HathiTrust Digital Library$uhttps://hdl.handle.net/2027/uiuo.ark:/13960/t5v75kg2h

