=LDR  00932cam a22002411  4500
=001  2263286
=005  20071129230625.0
=008  900530s1910\\\\mx\\\\\\\\\\\\\\\\\\spa\u
=003  UIUdb
=035  \\$a(OCoLC)ocm77221707
=035  \\$9AQN-7230
=035  \\$9UC 06024791
=035  \\$aurb00145435
=040  \\$dUtOrBLW
=100  1\$aSanchez, Pedro C.
=245  10$aLecciones de termodinamica dadas en la clase de segundo curso de mecánica aplicada de la Escuela n. de ingenieros en los años de 1908-1909.
=260  \\$aMexico,$c1910.
=300  \\$a120 p. :$bill. ;$ccm.
=500  \\$aAt head of title: Publicación hecha bajo los auspicios de la Secretaria de instrucción pública y bellas artes.
=650  \0$aThermodynamics.
=955  \\$bark:/13960/t4gn4c058$qleccionesdetermo00sanc
=852  8\$beresour-nc$hOnline Resource$t1
=856  41$3Full text - HathiTrust Digital Library$uhttps://hdl.handle.net/2027/uiuo.ark:/13960/t4gn4c058

