=LDR  00694cam a2200229K  4500
=001  6815622
=005  20120312115533.0
=008  010309s1894\\\\fr\\\\\\\\\\\\000\0\fre\d
=003  UIUdb
=035  \\$a(OCoLC)ocm46402640
=040  \\$aLOA$cLOA
=049  \\$aUIUU
=100  1\$aBerger, Philippe.
=245  13$aLe chemin de fer de Beyrouth à Damas et au Hauran.
=260  \\$aParis,$c1894.
=300  \\$a44 p.
=650  \0$aRailroads$zLebanon.
=650  \0$aRailroads$zSyria.
=994  \\$aC0$bUIU
=955  \\$bark:/13960/t78t0z41b$qlechemindeferdeb00berg
=852  8\$beresour-nc$hOnline Resource$t1
=856  41$3Full text - HathiTrust Digital Library$uhttps://hdl.handle.net/2027/uiuo.ark:/13960/t78t0z41b

