=LDR  01296cam a22003257a 4500
=001  2295879
=005  20030804053914.0
=008  900530s1832\\\\pau\\\\\\\\\\\000\0\eng\\
=003  UIUdb
=010  \\$a   95845000 
=035  \\$a(OCoLC)ocm32349319
=040  \\$aDLC$cDLC$dUIU
=035  \\$9AQR-0034
=035  \\$9UC 03017442
=043  \\$an-us---
=050  00$aAC901$b.M5 vol. 640, no. 17
=049  \\$aUIUU
=100  1\$aHopkinson, Joseph,$d1770-1842.
=245  10$aLecture upon the principles of commercial integrity, and the duties subsisting between a debtor and his creditors :$bwith suggestions of the causes of the defects in these respects in the American commercial character : delivered to the Mercantile Library Company, March 2, 1832 /$cby Joseph Hopkinson.
=260  \\$aPhiladelphia :$bCarey and Lea,$c1832.
=300  \\$a24 p. ;$c21 cm.
=510  4\$aChecklist Amer. imprints$c12984
=650  \0$aCommercial credit$zUnited States.
=710  2\$aMiscellaneous Pamphlet Collection (Library of Congress)$5DLC
=910  \\$arcp2082
=994  \\$a02$bUIU
=910  \\$aMARS
=955  \\$bark:/13960/t06x5k650$qlectureuponprinc00hopk
=852  8\$beresour-nc$hOnline Resource$t1
=856  41$3Full text - HathiTrust Digital Library$uhttps://hdl.handle.net/2027/uiuo.ark:/13960/t06x5k650

