=LDR  00840cam a22002531  4500
=001  2002556
=005  20071202220334.0
=008  900530s1917\\\\cl\\\\\\\\\\\\\\\\\\spa\u
=003  UIUdb
=035  \\$a(OCoLC)ocm77202105
=035  \\$9APN-3277
=035  \\$9UC 02012115
=035  \\$ashi00010450
=040  \\$dUtOrBLW
=110  2\$aMelipilla (Chile)
=240  10$aLaws, etc.
=245  10$aLegislación local de la municipalidad de Melipilla, 23 septiembre 1862-16 febrero 1917.
=260  \\$aSantiago de Chile,$c1917.
=300  \\$a76 p. ;$ccm.
=911  \\$a352.083 M48o$1m$2APN-3277$3UC 02012115$43/31/2004 12:01:23
=910  \\$aMARS
=955  \\$bark:/13960/t7cs21h4w$qlegislacionlocal00meli_0
=852  8\$beresour-nc$hOnline Resource$t1
=856  41$3Full text - HathiTrust Digital Library$uhttps://hdl.handle.net/2027/uiuo.ark:/13960/t7cs21h4w

