=LDR  00878cam a22002891  4500
=001  2146203
=005  20071129223226.0
=008  900530r18951895xx\\\\\\\\\\\\\\\\\\fre\u
=003  UIUdb
=035  \\$a(OCoLC)ocm77214612
=035  \\$9AQB-7737
=035  \\$9UC 13000280
=035  \\$auil00058090
=040  \\$dUtOrBLW
=100  1\$aFleury, J.
=245  13$aLe Havre & la Seine maritime.
=260  \\$a[S.l.,$c1895]
=300  \\$ap. [189]-206 ;$ccm.
=500  \\$aReprinted from Revue des deux mondes, v. 129. 1895.
=651  \0$aFrance$xCanals.
=651  \0$aHavre.
=911  \\$1m$2AQB-7737$3UC 13000280$47/7/2004 10:00:17$a386 F63
=913  \\$140961
=910  \\$aMARS
=955  \\$bark:/13960/t6rz5gm72$qlehavrelaseinema00fleu
=852  8\$beresour-nc$hOnline Resource$t1
=856  41$3Full text - HathiTrust Digital Library$uhttps://hdl.handle.net/2027/uiuo.ark:/13960/t6rz5gm72

