=LDR  01011cam a2200301Ia 4500
=001  2006480
=005  20030809101241.0
=008  900530s1883\\\\it\\\\\\\\\\\\001\0\ita\d
=003  UIUdb
=035  \\$a(OCoLC)ocm15644999
=040  \\$aIBV$cIBV$dOCL$dUIU
=035  \\$9APN-7207
=035  \\$9UC 05046925
=090  \\$aPC1867$b.R68 1883
=049  \\$aUIUU
=100  1\$aRosa, Ugo,$db. 1856.
=245  12$aL'elemento tedesco nel dialetto piemontese :$bpostille etimologiche /$cdi Ugo Rosa.
=260  \\$aTorino :$bV. Bona,$c1883.
=300  \\$a29 p. ;$c23 cm.
=504  \\$aIncludes bibliographical references and index.
=650  \0$aItalian language$xDialects$zItaly$zPiemonte.
=650  \0$aItalian language$vGlossaries, vocabularies, etc.
=910  \\$arcp0400
=994  \\$a02$bUIU
=910  \\$aMARS
=955  \\$bark:/13960/t15n2f70f$qlelementotedesco00rosa
=852  8\$beresour-nc$hOnline Resource$t1
=856  41$3Full text - HathiTrust Digital Library$uhttps://hdl.handle.net/2027/uiuo.ark:/13960/t15n2f70f

