=LDR  00709cam a22002291  4500
=001  2010660
=005  20071202220815.0
=008  900530s1917\\\\nyu\\\\\\\\\\\\\\\\\eng\u
=003  UIUdb
=035  \\$a(OCoLC)ocm77204097
=035  \\$9APO-1399
=035  \\$9UC 09037163
=035  \\$aurb00113144
=040  \\$dUtOrBLW
=100  1\$aLapey, Neenah.
=245  10$aLend a hand to Wilson /$cwords by Caroline Nye.
=260  \\$aBuffalo, N. Y. :$bNye and Lapey,$cc1917.
=300  \\$a[3] p. ;$ccm.
=650  \0$aSongs.
=955  \\$bark:/13960/t8gf71326$qlendhandtowilson00lape
=852  8\$beresour-nc$hOnline Resource$t1
=856  41$3Full text - HathiTrust Digital Library$uhttps://hdl.handle.net/2027/uiuo.ark:/13960/t8gf71326

