=LDR  01261cam a22003131  4500
=001  2027570
=005  20071202221536.0
=008  900530s1900\\\\fr\\\\\\\\\\\\\\\\\\fre\u
=003  UIUdb
=010  \\$ae  10001580 
=035  \\$a(OCoLC)ocm77207002
=035  \\$9APP-8448
=035  \\$9UC 04014030
=035  \\$a(UtOrBLW)bslw00205437
=040  \\$aUtOrBLW$cUtOrBLW
=100  1\$aThurston, Henry Winfred.
=245  12$aL'enseignement des sciences sociales dans les écoles primaires aux États-Unis /$cpar Henry W. Thurston ...
=260  \\$aParis :$bF. Alcan,$c1900.
=300  \\$a7 p. ;$c24 cm.
=500  \\$aCover-title.
=500  \\$aAt head of title: Congrès international de l'enseignement des sciences sociales, Paris, 30 juillet-3 août 1900.
=650  \0$aPolitical science$xStudy and teaching.
=650  \0$aPolitical economy$xStudy and teaching.
=711  2\$aCongrès international de l'enseignement des sciences sociales$n(1st :$d1900 :$cParis)
=911  \\$a342.73 T42E$1m$2APP-8448$3UC 04014030$44/8/2004 9:49:27
=910  \\$aMARS
=955  \\$bark:/13960/t0ns6zk22$qlenseignementdes00thur
=852  8\$beresour-nc$hOnline Resource$t1
=856  41$3Full text - HathiTrust Digital Library$uhttps://hdl.handle.net/2027/uiuo.ark:/13960/t0ns6zk22

