=LDR  00904cam a2200277K  4500
=001  2320229
=005  20030810113259.0
=008  900530s1918\\\\fr\\\\\\\\\\\\000\0\fre\d
=003  UIUdb
=035  \\$a(OCoLC)ocm41201585
=040  \\$aCGU$cCGU$dUIU
=035  \\$9AQT-4478
=035  \\$9UC 04081010
=049  \\$aUIUU
=110  1\$aSète (France).$bChambre de commerce.
=245  13$aLe port de Cette;$bCette et le bassin de l'Étang de Thau.
=260  \\$aLyon :$bImpr. A. Rey,$c1918.
=300  \\$a78, [1] p. incl. illus., plates.$bfold. pl., fold. plan.$c25 cm.
=610  20$aSète, France.$bHarbor.
=650  \0$aThau, Étang de.
=910  \\$arcp0400
=994  \\$a02$bUIU
=910  \\$aMARS
=955  \\$bark:/13960/t5q87hs32$qleportdecettecet00sete
=852  8\$beresour-nc$hOnline Resource$t1
=856  41$3Full text - HathiTrust Digital Library$uhttps://hdl.handle.net/2027/uiuo.ark:/13960/t5q87hs32

