=LDR  00890cam a22002651  4500
=001  2030003
=005  20071202221711.0
=008  900530s1909\\\\gw\\\\\\\\\\\\\\\\\dger\u
=003  UIUdb
=035  \\$a(OCoLC)ocm77207716
=035  \\$9APQ-0885
=035  \\$9UC 14018643
=035  \\$aurb00087322
=040  \\$dUtOrBLW
=100  1\$aHauler, Edmund.
=245  10$aLepturgus, chirurgus u.ä. bei Fronto.
=260  \\$a[Leipzig,$c1909]
=300  \\$ap. [106]-112 ;$ccm.
=500  \\$aCaption title.
=500  \\$a"Sonderabdruck aus Archiv für lateinische lexikographie. XV. Heft. 1."
=590  \\$aAuthor's autographed presentation copy.
=600  10$aFronto, Marcus Cornelius$xCriticism.
=955  \\$bark:/13960/t0sr53b3k$qlepturguschirurg00haul
=852  8\$beresour-nc$hOnline Resource$t1
=856  41$3Full text - HathiTrust Digital Library$uhttps://hdl.handle.net/2027/uiuo.ark:/13960/t0sr53b3k

