=LDR  00992cam a22003011  4500
=001  3075577
=005  20080123225453.0
=008  900530s1856\\\\fr\\\\\\\\\\\\\\\\\\fre\u
=003  UIUdb
=035  \\$a(OCoLC)ocm77335808
=035  \\$9ATU-4551
=035  \\$9UC 12096468
=035  \\$auil00028677
=040  \\$dUtOrBLW
=100  1\$aAudiganne, A.$q(Armand),$d1814-1875.
=245  14$aLes chemins de fer et l'ère des grandes exploitations.
=260  \\$aParis,$c1856.
=300  \\$ap. [743]-744 ;$ccm.
=500  \\$aCover-title.
=500  \\$a"Extrait de la Revue des deux mondes, 15 aout, 1856."
=500  \\$aCover-title in manuscript.
=650  \0$aRailroads$xManagement.
=911  \\$1m$2ATU-4551$3UC 12096468$46/10/2004 14:15:09$a385.2 AU2
=913  \\$137002
=910  \\$aMARS
=955  \\$bark:/13960/t8z95fj9k$qlescheminsdefere00audi
=852  8\$beresour-nc$hOnline Resource$t1
=856  41$3Full text - HathiTrust Digital Library$uhttps://hdl.handle.net/2027/uiuo.ark:/13960/t8z95fj9k

