=LDR  01254cam a2200325Ia 4500
=001  2541681
=005  20080213191138.0
=008  900530s1912\\\\fr\\\\\\\\\\\\000\0\fre\d
=003  UIUdb
=035  \\$a(OCoLC)ocm70122371
=040  \\$aUMS$cUMS
=988  \\$9uc 03096551
=035  \\$9uc 03096551
=035  \\$9ARQ-1570
=043  \\$ae-uk---
=090  \\$aHD8039.R12$bG74 1912
=049  \\$aUIUU
=110  1\$aFrance.$bDirection du travail.
=245  14$aLes Difficultés entre les compagnies de chemins de fer et leur personnel en Grande-Bretagne depuis 1906 /$cMission de M. Festy, enquêteur à l'Office du travail, novembre-décembre 1911.
=260  \\$aParis :$bImprimerie Nationale,$c1912.
=300  \\$a51 p. ;$c23 cm.
=500  \\$aAt head of title: République Française. Ministère du travail et de la prévoyance sociale. Office du travail.
=650  \0$aRailroads$zGreat Britain$xEmployees.
=650  \0$aArbitration, Industrial$zGreat Britain.
=699  \9$a331.87F844D
=700  1\$aFesty, Octave.
=994  \\$a92$bUIU
=955  \\$bark:/13960/t50g9w26z$qlesdifficultesen00fran
=852  8\$beresour-nc$hOnline Resource$t1
=856  41$3Full text - HathiTrust Digital Library$uhttps://hdl.handle.net/2027/uiuo.ark:/13960/t50g9w26z

