=LDR  00781cam a2200265K  4500
=001  2146193
=005  20030804090031.0
=008  900530s1877\\\\fr\\\\\\\\\\\\000\0\fre\d
=003  UIUdb
=035  \\$a(OCoLC)ocm21369245
=040  \\$aSTF$cSTF$dOCLCQ$dUIU
=035  \\$9AQB-7727
=035  \\$9UC 12099050
=092  \\$a385.04$b.R154 v.15
=049  \\$aUIUU
=100  1\$aChérot, Auguste.
=245  14$aLes grandes compagnies de chemins de fer en 1877.
=260  \\$aParis :$bGuillaumin,$c1877.
=300  \\$a66 p.
=910  \\$arcp3254
=994  \\$a02$bUIU
=910  \\$aMARS
=955  \\$bark:/13960/t7pp59j70$qlesgrandescompag00cher
=852  8\$beresour-nc$hOnline Resource$t1
=856  41$3Full text - HathiTrust Digital Library$uhttps://hdl.handle.net/2027/uiuo.ark:/13960/t7pp59j70

