=LDR  00954cam a2200301I  4500
=001  1778251
=005  20030809061449.0
=008  900530s1876\\\\xx\\\\\\\\\\\\000\0\eng\\
=003  UIUdb
=010  \\$a   12023662 
=035  \\$a(OCoLC)ocm03165854
=040  \\$aDLC$cCGP$dCGP$dOCLCQ$dUIU
=035  \\$9AOD-4941
=035  \\$9UC 04067017
=050  0\$aJK603$b 1876
=049  \\$aUIUU
=245  00$aLessons of a century.$bFor the 4th of July, 1876. Prevention is better than cure ...
=260  \\$b[n.p.,$c1876]
=300  \\$a64 p.$c19 cm.
=500  \\$aOn the abolition of the presidency.
=651  \0$aUnited States$xPolitics and government.
=650  \0$aPresidents$zUnited States.
=910  \\$arcp0200
=994  \\$a02$bUIU
=910  \\$aMARS
=955  \\$bark:/13960/t02z7fb7z$qlessonsofcentury00unse
=852  8\$beresour-nc$hOnline Resource$t1
=856  41$3Full text - HathiTrust Digital Library$uhttps://hdl.handle.net/2027/uiuo.ark:/13960/t02z7fb7z

