=LDR  01400cam a2200337Ia 4500
=001  2014676
=005  20030810221516.0
=008  900530s1872\\\\mau\\\\\\\\\\\000\0\eng\d
=003  UIUdb
=035  \\$a(OCoLC)ocm36562272
=040  \\$aDPL$cDPL$dUIU
=035  \\$9APO-5421
=035  \\$9UC 12059370
=043  \\$an-usp--
=092  0\$a385.06578$221
=049  \\$aUIUU
=110  2\$aAtchison & Nebraska Railroad Company.
=245  10$aLetter from the president to the directors, January 1st, 1872 /$cAtchison & Nebraska Railroad Company.
=260  \\$aBoston :$bT.W. Ripley & Co.,$c1872.
=300  \\$a8 p. ;$c23 cm.
=500  \\$aSigned: P.T. Abell, President Atchison and Nebraska Railroad Company.
=500  \\$aIncludes a list of officers of the railroad.
=520  \\$a"A statement of the condition of the Road, its prospects, cost to Tecumseh, and estimated cost to Lincoln, with earnings during construction, and estimated earnings from the present time until July, 1873, one year after the supposed time of completion to Lincoln"--P. [1]
=610  20$aAtchison & Nebraska Railroad Company.
=700  1\$aAbell, P. T.
=910  \\$arcp3902
=994  \\$a02$bUIU
=910  \\$aMARS
=955  \\$bark:/13960/t45r14s87$qletterfrompresid00atch
=852  8\$beresour-nc$hOnline Resource$t1
=856  41$3Full text - HathiTrust Digital Library$uhttps://hdl.handle.net/2027/uiuo.ark:/13960/t45r14s87

