=LDR  01116cam a2200313Ia 4500
=001  2015220
=005  20030804070513.0
=008  900530s1875\\\\nyu\\\\\\\\\\\000\0\eng\d
=003  UIUdb
=035  \\$a(OCoLC)ocm21631865
=040  \\$aWIH$cWIH$dOCL$dUIU
=035  \\$9APO-5966
=035  \\$9UC 12097411
=043  \\$an-us-ny$an-us-pa
=049  \\$aUIUU
=100  1\$aHodgskin, James B.
=245  12$aA letter to H.J. Jewett, Esq., president of the Erie Railway Company, in reply to his statement to the Erie shareholders, dated May 13th, 1875 /$cby Jas. B. Hodgskin.
=260  \\$aNew York :$bEvening Post Steam Presses,$c1875.
=300  \\$a11 p. ;$c24 cm.
=610  20$aErie Railway.
=650  \0$aRailroads$zNew York (State)$xFinance.
=650  \0$aRailroads$zPennsylvania$xFinance.
=700  1\$aJewett, Hugh J.$q(Hugh Judge),$d1817-1898.
=910  \\$arcp3689
=994  \\$a02$bUIU
=910  \\$aMARS
=955  \\$bark:/13960/t49p98352$qlettertohjjewett00hodg
=852  8\$beresour-nc$hOnline Resource$t1
=856  41$3Full text - HathiTrust Digital Library$uhttps://hdl.handle.net/2027/uiuo.ark:/13960/t49p98352

