=LDR  00975cam a2200289L  4500
=001  1789421
=005  20030808040915.0
=008  900530s1841\\\\nhu\\\\\\\\\\\000\0\eng\d
=003  UIUdb
=035  \\$a(OCoLC)ocm13626260
=040  \\$aDRB$cDRB$dOCL$dUIU
=035  \\$9AOE-6384
=035  \\$9UC 12096013
=049  \\$aUIUU
=245  02$aA letter to a lawyer from a farmer,$bon the right of private corporations to take people's land against their will, without paying for it.
=260  \\$aPortsmouth [N.H.],$c1841.
=300  \\$a47, [1] p. ;$c22 cm.
=650  \0$aRailroads$zNew Hampshire$vEarly works to 1850.
=650  \0$aRailroad law$zNew Hampshire.
=650  \0$aEminent domain.
=700  0\$aFarmer.
=910  \\$arcp3254
=994  \\$a02$bUIU
=910  \\$aMARS
=955  \\$bark:/13960/t02z7fb8f$qlettertolawyerfr00farm
=852  8\$beresour-nc$hOnline Resource$t1
=856  41$3Full text - HathiTrust Digital Library$uhttps://hdl.handle.net/2027/uiuo.ark:/13960/t02z7fb8f

