=LDR  00958cam a22003011  4500
=001  2027311
=005  20071202221533.0
=008  900530s1887\\\\bo\\\\\\\\\\\f\\\\\\spa\u
=003  UIUdb
=035  \\$a(OCoLC)ocm77206979
=035  \\$9APP-8189
=035  \\$9UC 03031040
=035  \\$auil00037972
=040  \\$dUtOrBLW
=110  1\$aBolivia.
=240  10$aLaws, etc.
=245  10$aLeyes y disposiciones vijentes sobre revistas de tierras de comunidad.
=250  \\$a3. ed. /$bcon aumento de las últimas disposiciones.
=260  \\$aLa Paz,$c1887.
=300  \\$a92 p. ;$ccm.
=500  \\$aCover-title.
=651  \0$aBolivia$xPublic lands.
=911  \\$1m$2APP-8189$3UC 03031040$46/20/2004 13:50:09$a336.1 B63L3
=913  \\$153480
=910  \\$aMARS
=955  \\$bark:/13960/t57d93j1s$qleyesydisposicio00boli
=852  8\$beresour-nc$hOnline Resource$t1
=856  41$3Full text - HathiTrust Digital Library$uhttps://hdl.handle.net/2027/uiuo.ark:/13960/t57d93j1s

