=LDR  00687cam a22002291  4500
=001  2028075
=005  20071202221556.0
=008  900530s1869\\\\it\\\\\\\\\\\\\\\\\\ita\u
=003  UIUdb
=035  \\$a(OCoLC)ocm77207136
=035  \\$9APP-8954
=035  \\$9UC 06068752
=035  \\$aurb00123221
=040  \\$dUtOrBLW
=100  1\$aManzoni, A.
=245  12$aL'habitat der molluschi marini saggio critico.
=260  \\$aPisa,$c1869.
=300  \\$a26 p. ;$ccm.
=650  \0$aMollusks$xFossil.
=955  \\$bark:/13960/t2k70n02v$qlhabitatdermollu00manz
=852  8\$beresour-nc$hOnline Resource$t1
=856  41$3Full text - HathiTrust Digital Library$uhttps://hdl.handle.net/2027/uiuo.ark:/13960/t2k70n02v

