=LDR  00704cam a22002291  4500
=001  2027185
=005  20071202221528.0
=008  900530s1887\\\\be\\\\\\\\\\\\\\\\\\fre\u
=003  UIUdb
=035  \\$a(OCoLC)ocm77206950
=035  \\$9APP-8063
=035  \\$9UC 02085015
=035  \\$aurb00079645
=040  \\$dUtOrBLW
=100  1\$aGoblet d'Alviella, Eugene,$ccomte.
=245  12$aL'histoire générale des religions ...
=260  \\$aBruxelles,$c1887.
=300  \\$a176 p. ;$ccm.
=650  \0$aReligions.
=955  \\$bark:/13960/t4vj1rf9t$qlhistoiregeneral00gobl
=852  8\$beresour-nc$hOnline Resource$t1
=856  41$3Full text - HathiTrust Digital Library$uhttps://hdl.handle.net/2027/uiuo.ark:/13960/t4vj1rf9t

