=LDR  01198cam a22003371  4500
=001  1970947
=005  20030801135112.0
=008  900530s1896\\\\ilu\\\\\\\\\\\000\0\eng\\
=003  UIUdb
=010  \\$a   10000107 
=035  \\$a(OCoLC)ocm02581979
=040  \\$aDLC$cTOL$dDLC$dUIU
=035  \\$9APJ-9377
=035  \\$9UC 09035152
=050  00$aN8050$b.E36
=092  \\$a755$bEL22
=049  \\$aUIUU
=100  1\$aElder, Abram P. T.$q(Abram Peter Turner)
=245  14$aThe light of the world;$bor, Our Saviour in art.$cIllustrated with over one hundred superb engravings made direct from the world's greatest paintings of Our Lord.
=260  \\$aChicago :$bthe Elder company,$c1896.
=300  \\$a[9] p.$b142 pl.$c30 cm.
=500  \\$aEach plate preceded by guard sheet with descriptive letterpress.
=500  \\$aPublisher's preface signed: A.P.T. Elder.
=600  00$aJesus Christ$vArt.
=740  0\$aOur Savior in art.
=910  \\$arcp3356
=994  \\$a02$bUIU
=910  \\$aMARS
=955  \\$bark:/13960/t2z381p9t$qlightofworldorou00elde
=852  8\$beresour-nc$hOnline Resource$t1
=856  41$3Full text - HathiTrust Digital Library$uhttps://hdl.handle.net/2027/uiuo.ark:/13960/t2z381p9t

