=LDR  00909cam a2200301Ka 4500
=001  2029555
=005  20030806050324.0
=008  900530s1908\\\\it\\\\\\\\\\\\000\0\ita\d
=003  UIUdb
=035  \\$a(OCoLC)ocm40245288
=040  \\$aIL#$cIL#$dUIU
=035  \\$9APQ-0437
=035  \\$9UC 12056510
=049  \\$aUIUU
=100  1\$aSabbatini, Leopoldo.
=245  12$aL'insegnamento commerciale superiore /$cLeopoldo Sabbatini.
=260  \\$aRoma,$c1908.
=300  \\$a53 p.
=500  \\$aDalla "Nuova Antologia" 16 maggio, 1907.
=650  \0$aBusiness education.
=650  \0$aBusiness education$zItaly.
=650  \0$aTechnical education.
=910  \\$arcp3211
=994  \\$a02$bUIU
=910  \\$aMARS
=955  \\$bark:/13960/t9p333n4b$qlinsegnamentocom00sabb
=852  8\$beresour-nc$hOnline Resource$t1
=856  41$3Full text - HathiTrust Digital Library$uhttps://hdl.handle.net/2027/uiuo.ark:/13960/t9p333n4b

