=LDR  01231cam a2200349I  4500
=001  2266199
=005  20030802154853.0
=008  900530s1878\\\\ilu\\\\\\\\\\\000\0\engx\
=003  UIUdb
=010  \\$aa  11000386 
=035  \\$a(OCoLC)ocm02413133
=040  \\$aDLC$cVWM$dUIU
=035  \\$9AQO-0156
=035  \\$9UC 09015348
=090  \\$aQH1$b.I25 vol.1, art.2, p.18-35
=049  \\$aUIUU
=100  1\$aWolf, John.
=245  12$aA list of the mosses, liverworts and lichens of Illinois.$cBy John Wolf and Elihu Hall.
=260  \\$aBloomington, Ill. :$bIllinois State Laboratory of Natural History,$c1878.
=300  \\$ap. 18-35.$c22 cm.
=490  1\$aBulletin of the Illinois State Laboratory of Natural History,$vv. 1, no. 2, p. 18-35
=650  \0$aMosses$zIllinois.
=650  \0$aLiverworts$zIllinois.
=650  \0$aLichens$zIllinois.
=700  1\$aHall, Elihu.
=810  2\$aIllinois State Laboratory of Natural History.$tBulletin ;$vv. 1, art. 2.
=910  \\$arcp3170
=994  \\$a02$bUIU
=910  \\$aMARS
=955  \\$bark:/13960/t25b6b37g$qlistofmosseslive00wolf
=852  8\$beresour-nc$hOnline Resource$t1
=856  41$3Full text - HathiTrust Digital Library$uhttps://hdl.handle.net/2027/uiuo.ark:/13960/t25b6b37g

