=LDR  01062ccm a2200325Mi 4500
=001  2236122
=005  20030802132626.0
=008  900530s1921\\\\xx\\\\\\\\\\\\\n\\\\eng\d
=003  UIUdb
=035  \\$a(OCoLC)ocm48200323
=040  \\$aPIT$cPIT$dUIU
=028  30$aB.M.Co.6686c
=035  \\$9AQK-8257
=035  \\$9UC 09036672
=048  \\$acc04, ka01
=049  \\$aUIUU
=100  1\$aO'Hara, Geoffrey.
=245  02$aA little close harmony :$bpart-song for men's voices /$cGeoffrey O'Hara
=260  \\$aBoston :$bBoston Music,$cc1921.
=300  \\$a1 score (7 p.) ;$c27 cm.
=440  \0$aPolish Singers Alliance of America Collection
=490  0\$aSecular choruses : mens voices ; 1443
=500  \\$aPrinted music (published)
=650  \0$aChoruses, Secular (Men's voices), Unaccompanied.
=910  \\$arcp3356
=994  \\$a02$bUIU
=910  \\$aMARS
=955  \\$bark:/13960/t0200dg90$qlittlecloseharmo00ohar
=852  8\$beresour-nc$hOnline Resource$t1
=856  41$3Full text - HathiTrust Digital Library$uhttps://hdl.handle.net/2027/uiuo.ark:/13960/t0200dg90

