=LDR  01098cam a2200301I  4500
=001  2001780
=005  20030802160741.0
=008  900530s1901\\\\nyu\\\\\\\\\\\000\0\eng\d
=003  UIUdb
=035  \\$a(OCoLC)ocm07313067
=040  \\$aLUU$cLUU$dUIU
=035  \\$9APN-2498
=035  \\$9UC 01049727
=043  \\$an-us-ny
=090  \\$aHJ2424$b.P87
=049  \\$aUIUU
=100  1\$aPurdy, Lawson,$d1863-1959.
=245  10$aLocal option in taxation,$cby Lawson Purdy ... With a draft of an act to amend the tax law by providing for the apportionment of state taxes and for local option in taxation.
=260  \\$aNew York :$bNew York tax reform association,$c[1901?]
=300  \\$a47 p.$c21 cm.
=500  \\$a"A paper read at the National tax conference, Buffalo, N. Y., May 23-25, 1901."
=650  \0$aTaxation$zNew York (State)
=910  \\$arcp3211
=994  \\$a02$bUIU
=910  \\$aMARS
=955  \\$bark:/13960/t88h4tz90$qlocaloptionintax00purd
=852  8\$beresour-nc$hOnline Resource$t1
=856  41$3Full text - HathiTrust Digital Library$uhttps://hdl.handle.net/2027/uiuo.ark:/13960/t88h4tz90

