=LDR  00903cam a2200277K  4500
=001  2029702
=005  20030804090533.0
=008  900530s1867\\\\enk\\\\\\\\\\\000\0\eng\d
=003  UIUdb
=035  \\$a(OCoLC)ocm22483879
=040  \\$aSTF$cSTF$dOCLCQ$dUIU
=035  \\$9APQ-0584
=035  \\$9UC 12098913
=092  \\$a385.04$b.R154 v.43
=049  \\$aUIUU
=100  1\$aRedesdale, Algernon Bertram Freeman-Mitford,$cBaron,$d1837-1916.
=245  10$aLord Redesdale and the new railways.$bCorrespondence between his lordship and Mr. France.
=260  \\$aLondon :$bJones & Tinkler,$c1867.
=300  \\$a20 p.
=700  1\$aFrance, R. S.
=910  \\$arcp3254
=994  \\$a02$bUIU
=910  \\$aMARS
=955  \\$bark:/13960/t4mm2j547$qlordredesdalenew00rede
=852  8\$beresour-nc$hOnline Resource$t1
=856  41$3Full text - HathiTrust Digital Library$uhttps://hdl.handle.net/2027/uiuo.ark:/13960/t4mm2j547

