=LDR  01072cam a22003011i 4500
=001  2026885
=005  20071115221855.0
=008  900530s1865\\\\stk\\\\\\\\\\\\00\0\eng\u
=003  UIUdb
=035  \\$a(OCoLC)ocm58972703
=035  \\$9APP-7763
=035  \\$9UC 01000004
=035  \\$a(UPRA)arg00261712
=040  \\$cUPRA$dUtOrBLW
=100  1\$aMacleod, Norman,$d1812-1872.
=245  14$aThe Lord's day :$bsubstance of a speech delivered at a meeting of the Presbytery of Glasgow, on Thursday, 16th November, 1865 /$cby Norman Macleod.
=260  \\$aGlasgow :$bJames Maclehose,$c1865.
=300  \\$a76 p. ;$c21 cm.
=500  \\$aCover title.
=504  \\$aIncludes bibliographical references.
=650  \0$aSabbath.
=650  \0$aSunday.
=911  \\$a263.3 M22$1m$2APP-7763$3UC 01000004$43/30/2004 18:41:36
=987  \\$amissing$bmatch points
=910  \\$aMARS
=955  \\$bark:/13960/t0bw3pm29$qlordsdaysubstanc00macl_0
=852  8\$beresour-nc$hOnline Resource$t1
=856  41$3Full text - HathiTrust Digital Library$uhttps://hdl.handle.net/2027/uiuo.ark:/13960/t0bw3pm29

