=LDR  00945cam a2200277K  4500
=001  2175502
=005  20030807192247.0
=008  900530s1918\\\\sp\af\\\\\\\\\000\0\spa\d
=003  UIUdb
=035  \\$a(OCoLC)ocm41522736
=040  \\$aNYP$cNYP$dUIU
=035  \\$9AQE-7206
=035  \\$9UC 11082447
=049  \\$aUIUU
=100  1\$aPérez Capo, Felipe.
=245  14$aLos misterios del amor;$bpasatiempo cómico-lírico en un acto, dividido en cuatro cuadros y un apoteosis;$clibro de Felipe Perez Capo, música de Celestino Roig ...
=260  \\$aMadrid :$bF. Fe,$c[1918]
=300  \\$a52 p.$billus., plates.$c12mo.
=500  \\$aWithout music.
=650  \4$aDrama (Spanish)
=910  \\$arcp3170
=994  \\$a02$bUIU
=910  \\$aMARS
=955  \\$bark:/13960/t89h1sr73$qlosmisteriosdela00pere
=852  8\$beresour-nc$hOnline Resource$t1
=856  41$3Full text - HathiTrust Digital Library$uhttps://hdl.handle.net/2027/uiuo.ark:/13960/t89h1sr73

