=LDR  01214cam a2200313Ia 4500
=001  2451605
=005  20030807192241.0
=008  900530s1918\\\\sp\\\\\\\\\\\\000\0\spa\d
=003  UIUdb
=035  \\$a(OCoLC)ocm13989905
=040  \\$aNOC$cNOC$dUIU
=035  \\$9ARG-8093
=035  \\$9UC 11082448
=090  \\$aPQ6217$b.T443 v. 184, no. 21
=049  \\$aUIUU
=100  1\$aCamarero, Mariano G.
=245  14$aLos secretos de Venus :$bpasatiempo cómico-lírico, plástico, fantástico, bailable en un acto, dividido en cuatro cuadros /$clibro original de Felipe Pérez Capo ; música de los maestros Camarero y San Nicolás.
=260  \\$aMadrid :$bF. Fe,$c1918.
=300  \\$a49 p. ;$c18 cm.
=500  \\$aImprint on verso of t.p.: Madrid : R. Velasco [impresor], 1918.
=500  \\$aNo. 21, in vol. 184 with binder's title: Teatro Español Borrás.
=700  1\$aSan Nicolás, Antonio.
=700  1\$aPérez Capo, Felipe,$d1878-
=910  \\$arcp3170
=994  \\$a02$bUIU
=910  \\$aMARS
=955  \\$bark:/13960/t81k5jm4p$qlossecretosdeven00cama
=852  8\$beresour-nc$hOnline Resource$t1
=856  41$3Full text - HathiTrust Digital Library$uhttps://hdl.handle.net/2027/uiuo.ark:/13960/t81k5jm4p

