=LDR  01205ccm a2200361K  4500
=001  2010618
=005  20030801135054.0
=008  900530s1905\\\\enkana\\\\\\\\\n\\\\eng\d
=003  UIUdb
=035  \\$a(OCoLC)ocm30846685
=040  \\$aRER$cRER$dUIU
=035  \\$9APO-1356
=035  \\$9UC 09035169
=048  \\$aca04$akb01
=090  \\$aM2065$b.N939
=049  \\$aUIUU
=100  1\$aHall, E. V.$q(Edward Vine)
=245  10$aLove divine, all love excelling.$bAnthem for Christmas.$cThe words by Charles Wesley. The music composed by E. Vine Hall.
=260  \\$aLondon :$bNovello and Co.,$cc1905.
=300  \\$ascore (8 p.)$c26 cm.
=440  \0$aNovello's octavo anthems,$vno. 835
=500  \\$aFor four-part mixed voices and organ.
=500  \\$aCaption title.
=650  \0$aAnthems.
=650  \0$aChristmas music.
=650  \0$aChoruses, Sacred (Mixed voices, 4 parts) with organ.
=700  1\$aWesley, Charles,$d1707-1788.
=910  \\$arcp3356
=994  \\$a02$bUIU
=910  \\$aMARS
=955  \\$bark:/13960/t67430f1f$qlovedivinealllov00hall
=852  8\$beresour-nc$hOnline Resource$t1
=856  41$3Full text - HathiTrust Digital Library$uhttps://hdl.handle.net/2027/uiuo.ark:/13960/t67430f1f

