=LDR  01042cam a2200253Ka 4500
=001  2177546
=005  20100623132642.0
=008  900530s1841\\\\sp\\\\\\\\\\\\000\d\spa\d
=003  UIUdb
=035  \\$a(OCoLC)ocm77217124
=040  \\$aUIU$cUIU$dUIU
=049  \\$aUIUU
=100  1\$aBretón de Los Herreros, Manuel.
=245  13$aLo vivo y lo pintado :$bcomedia en tres actos /$cpor Manuel Breton de los Herreros.
=260  \\$aMadrid :$bGalería Dramática,$c1841$f(Imprenta de Repullés)
=300  \\$a85 p. ;$c19 cm.
=500  \\$aPrinter's vignette: laurels  enclosing the initials "M. D." in a gothic font.
=590  \\$aCop.1 bound with the author's Mi secretario y yo (Madrid, 1841).
=518  \\$aRepresentada en el teatro del Príncipe.
=651  \0$aValencia (Spain)$xHistory$yPhilip IV, 1621-1665$vDrama.
=994  \\$aC0$bUIU
=955  \\$bark:/13960/t6j16879t$qlovivoylopintado00bret
=852  8\$beresour-nc$hOnline Resource$t1
=856  41$3Full text - HathiTrust Digital Library$uhttps://hdl.handle.net/2027/uiuo.ark:/13960/t6j16879t

