=LDR  01215cam a2200313K  4500
=001  5037861
=005  20050526102307.0
=008  850515r19161908couab\\\\b\\\\000\0\eng\d
=003  UIUdb
=035  \\$a(OCoLC)ocm12039607
=040  \\$aSMI$cSMI$dOCLCQ
=043  \\$an-us-co
=050  \4$aTN490.T9$b.M35
=092  \\$a557.4$bC7G34
=049  \\$aUIUU
=100  1\$aGeorge, Russell D.,$db. 1866.
=245  14$aThe main tungsten area of Boulder County, Colorado /$cby R.D. George, with notes on the intrusive rocks, by R.D. Crawford.
=260  \\$aBoulder, Colo. :$b[s.n.],$c1916.
=300  \\$ap. [7]-122. :$bill., maps ;$c24 cm.
=500  \\$aReprinted with additions from Colorado. Geological Survey. 1st report, 1908. Denver, 1909.
=500  \\$aTwo folded maps in pocket.
=504  \\$aIncludes bibliographical references (p. 106-115).
=650  \0$aTungsten ores$xGeology$zColorado$zBoulder County.
=650  \0$aRocks, Igneous.
=700  1\$aCrawford, R. D.$q(Ralph Dixon),$d1873-
=994  \\$aX0$bUIU
=955  \\$bark:/13960/t0103b49h$qmaintungstenarea00geor
=852  8\$beresour-nc$hOnline Resource$t1
=856  41$3Full text - HathiTrust Digital Library$uhttps://hdl.handle.net/2027/uiuo.ark:/13960/t0103b49h

