=LDR  00890cam a2200265K  4500
=001  2165085
=005  20030801190401.0
=008  900530s1912\\\\ilu\\\\\\\\\\\000\0\eng\d
=003  UIUdb
=035  \\$a(OCoLC)ocm25900609
=040  \\$aEMT$cEMT$dOCL$dUIU
=035  \\$9AQD-6763
=035  \\$9UC 03067871
=049  \\$aUIUU
=100  1\$aAnderson, Charles Palmerston,$d1863-1930.
=245  14$aThe manifestation of unity;$ba charge to the seventy-fifth annual convention of the Church in the diocese of Chicago.
=260  \\$aChicago :$b[Gunthorp-Warren Printing Co.],$c1912.
=300  \\$a20 p.
=650  \0$aChristian union.
=910  \\$arcp3024
=994  \\$a02$bUIU
=910  \\$aMARS
=955  \\$bark:/13960/t5v75nd1z$qmanifestationofu00ande
=852  8\$beresour-nc$hOnline Resource$t1
=856  41$3Full text - HathiTrust Digital Library$uhttps://hdl.handle.net/2027/uiuo.ark:/13960/t5v75nd1z

