=LDR  01124cam a2200301Ki 4500
=001  3338333
=005  20170715202805.0
=008  920310s1919\\\\sp\c\\\\\\\\\\000\0\spa\d
=003  UIUdb
=035  \\$a(OCoLC)ocn993441773
=040  \\$aUIU$beng$erda$cUIU
=092  \\$a576.2$bm36m
=049  \\$aUIUU
=100  1\$aMary, Alberto,$eauthor.
=245  10$aMateriales para una historia de las investigaciones plasmogénicas (1748-1918) /$cpor Alberto y Alejandro Mary ; versión española de Víctor Delfino.
=264  \1$aBarcelona :$bTipografía la Académica, De Serra y Russell,$c1919.
=300  \\$a51 pages :$bportraits ;$c25 cm
=336  \\$atext$btxt$2rdacontent
=337  \\$aunmediated$bn$2rdamedia
=338  \\$avolume$bnc$2rdacarrier
=650  \0$aScience$xHistory.
=700  1\$aMary, Alejandro,$eauthor.
=700  1\$aDelfino, Víctor.
=945  \\$aLBD data change$b07/14/2017
=994  \\$a92$bUIU
=955  \\$bark:/13960/t5k99d76z$qmaterialesparaun00mary
=852  8\$beresour-nc$hOnline Resource$t1
=856  41$3Full text - HathiTrust Digital Library$uhttps://hdl.handle.net/2027/uiuo.ark:/13960/t5k99d76z

