=LDR  00854cam a22002531  4500
=001  2254836
=005  20071129230407.0
=008  900530r19151915nyu\\\\\r\\\\\\\\\\\eng\u
=003  UIUdb
=035  \\$a(OCoLC)ocm77221175
=035  \\$9AQM-8731
=035  \\$9UC 05095935
=035  \\$aurb00146142
=040  \\$dUtOrBLW
=100  1\$aShaw, James Byrnie.
=245  10$aMathematical methods in physics.
=260  \\$aNew York,$c1915.
=300  \\$a[192]-199 p. ;$ccm.
=500  \\$aCover-title.
=500  \\$aReprinted from the Bulletin of the American Mathematical Society, 2d series, vol. XXI., no. 4 ... January, 1915.
=650  \0$aMathematical physics.
=955  \\$bark:/13960/t9s244k2v$qmathematicalmeth00shaw
=852  8\$beresour-nc$hOnline Resource$t1
=856  41$3Full text - HathiTrust Digital Library$uhttps://hdl.handle.net/2027/uiuo.ark:/13960/t9s244k2v

