=LDR  01108cam a22002651  4500
=001  2166364
=005  20071129223905.0
=008  900530s1842\\\\fr\\\\\\\\\\\\\\\\\\fre\u
=003  UIUdb
=035  \\$a(OCoLC)ocm77215942
=035  \\$9AQD-8044
=035  \\$9UC 04081554
=035  \\$aurb00143584
=040  \\$dUtOrBLW
=100  1\$aPeyret--Lallier, Alphonse.
=245  10$aMémoire Sur Les moyens.$n1°,$pDe fournir des eaux abondantes aux villes de Lyon et de Saint-Etienne.$nII,$pD'alimenter le canal de Givors.$nIII,$pDe rendre la Loire navigable entre Firminy et Roanne.$nIV,$pD'arroser la plaine de Montbrison :$bsuivi de quelques considérations relatives aux canaux et aux chemins de fer.
=260  \\$aSaint-Etienne,$c1842.
=300  \\$a155 p. :$bmap ;$ccm.
=650  \0$aWater-supply.
=650  \0$aInland navigation.
=651  \0$aFrance$xTransportation.
=987  \\$atypo$b245$cn$d1° or I?
=955  \\$bark:/13960/t5bd06059$qmemoiresurlesmoy00peyr
=852  8\$beresour-nc$hOnline Resource$t1
=856  41$3Full text - HathiTrust Digital Library$uhttps://hdl.handle.net/2027/uiuo.ark:/13960/t5bd06059

