=LDR  00887cam a22002651  4500
=001  2256401
=005  20071129230439.0
=008  900530s1892\\\\nyu\\\\\\\\\\\\\\\\\eng\u
=003  UIUdb
=035  \\$a(OCoLC)ocm77221308
=035  \\$9AQN-0301
=035  \\$9UC 12096852
=035  \\$auil00048267
=040  \\$dUtOrBLW
=110  2\$aCentral New York Car Service Association.
=245  10$aMemorandum of agreement and rules :$bas amended and in effect February 25, 1892.
=260  \\$a[Syracuse,$c1892?]
=300  \\$a15 p. ;$ccm.
=650  \0$aNew York (State)$xManagement.
=911  \\$1m$2AQN-0301$3UC 12096852$46/25/2004 16:21:38$a385.23 C333M
=913  \\$111900
=910  \\$aMARS
=955  \\$bark:/13960/t2994fm9j$qmemorandumofagre00cent
=852  8\$beresour-nc$hOnline Resource$t1
=856  41$3Full text - HathiTrust Digital Library$uhttps://hdl.handle.net/2027/uiuo.ark:/13960/t2994fm9j

