=LDR  01035cam a2200265K  4500
=001  2259434
=005  20030802161252.0
=008  900530s1850\\\\nyu\\\\\\\\\\\000\0\eng\d
=003  UIUdb
=035  \\$a(OCoLC)ocm43873531
=040  \\$aNYP$cNYP$dUIU
=035  \\$9AQN-3359
=035  \\$9UC 01049474
=049  \\$aUIUU
=110  1\$aNew York County (N.Y.).$bBoard of Supervisors.
=245  10$aMemorial of the board of supervisors of the city and county of New York,$bpraying for the passage of the accompanying act, to revise and amend the existing laws relative to the assessment of taxes in the city of New York, and to reduce them into one act.
=260  \\$aNew York :$bMcSpedon & Baker, prtrs,$c1850.
=300  \\$a92 p.$c4to.
=651  \4$aNew York City$xTaxation.
=910  \\$arcp3211
=994  \\$a02$bUIU
=910  \\$aMARS
=955  \\$bark:/13960/t70w4pp89$qmemorialofboardo00newy
=852  8\$beresour-nc$hOnline Resource$t1
=856  41$3Full text - HathiTrust Digital Library$uhttps://hdl.handle.net/2027/uiuo.ark:/13960/t70w4pp89

