=LDR  00712cam a22002171  4500
=001  2289174
=005  20071129231112.0
=008  900530s1866\\\\mau\\\\\\\\\\\\\\\\\eng\u
=003  UIUdb
=035  \\$a(OCoLC)ocm77222499
=035  \\$9AQQ-3294
=035  \\$9UC 12097417
=035  \\$aurb00068714
=040  \\$dUtOrBLW
=110  2\$aEuropean & North American Railway Co.
=245  10$aMemorial to the Legislature of Massachusetts for state aid, Jan. 15, 1866 ...
=260  \\$aBoston,$c1866.
=300  \\$a42 p. ;$ccm.
=955  \\$bark:/13960/t6sz2hj0c$qmemorialtolegisl00euro
=852  8\$beresour-nc$hOnline Resource$t1
=856  41$3Full text - HathiTrust Digital Library$uhttps://hdl.handle.net/2027/uiuo.ark:/13960/t6sz2hj0c

