=LDR  01170cam a2200265K  4500
=001  2257088
=005  20030811051357.0
=008  900530s1914\\\\ck\c\\\\\\\\\\000\0\spa\d
=003  UIUdb
=035  \\$a(OCoLC)ocm15119199
=040  \\$aRQE$cRQE$dOCLCQ$dUIU
=035  \\$9AQN-0989
=035  \\$9UC 16069509
=049  \\$aUIUU
=100  1\$aO'Leary, Daniel Florencio,$d1800-1854.
=245  10$aMemorias del general O'Leary,$ctomadas y arregladas de los originales por su hijo Simón B. O'Leary, publicadas por Julio D. Portocarrero, nieto del general O'Leary, con prólogo de Guillermo Camacho ... Tomo tercero, apéndice.
=260  \\$aBogotá :$bLibrería americana,$c1914.
=300  \\$axxii p., 1 l., 426 [1] p.$bports.$c25 cm.
=500  \\$aVariant ed. of his Memorias, v.[29] which was suppressed at the time of its publication in 1883 and issued in Caracas, 1914, with final pages lacking.
=910  \\$arcp2714
=994  \\$a02$bUIU
=910  \\$aMARS
=955  \\$bark:/13960/t35206q8m$qmemoriasdelgener29olea$vv.29
=852  8\$beresour-nc$hOnline Resource$t1
=856  41$3Full text - HathiTrust Digital Library$uhttps://hdl.handle.net/2027/uiuo.ark:/13960/t35206q8m

