=LDR  00798cam a22002531  4500
=001  2256386
=005  20071129230437.0
=008  900530r19081908enk\\\\\\\\\\\\\\\\\eng\u
=003  UIUdb
=035  \\$a(OCoLC)ocm77221302
=035  \\$9AQN-0286
=035  \\$9UC 12090046
=035  \\$aurb00146095
=040  \\$dUtOrBLW
=100  1\$aSeth, James.
=245  10$aMethods of instruction in philosophy.
=260  \\$aLondon,$c[1908]
=300  \\$a16 p. ;$ccm.
=500  \\$aCover-title.
=500  \\$a"Reprinted from 'The University review,' January, 1908."
=650  \0$aPhilosophy$xStudy and teaching.
=955  \\$bark:/13960/t6xx0n33s$qmethodsofinstruc00seth
=852  8\$beresour-nc$hOnline Resource$t1
=856  41$3Full text - HathiTrust Digital Library$uhttps://hdl.handle.net/2027/uiuo.ark:/13960/t6xx0n33s

