=LDR  00911cam a2200277Ia 4500
=001  2231704
=005  20030801093648.0
=008  900530s1882\\\\enkaf\\\\\\\\\000\0\eng\d
=003  UIUdb
=035  \\$a(OCoLC)ocm18046835
=040  \\$aVA@$cVA@$dOLM$dUIU
=035  \\$9AQK-3830
=035  \\$9UC 06031029
=090  \\$aQK603$b.B7 1882
=049  \\$aUIUU
=100  1\$aBrittain, Thomas,$d1806-1884.
=245  10$aMicro-fungi :$bwhen and where to find them /$cby Thomas Brittain.
=260  \\$aManchester :$bA. Heywood & Son ;$aLondon ;$bMarshall & Co.,$c1882.
=300  \\$aviii, 92 p., [2] leaves of plates :$bill. ;$c17 cm.
=650  \0$aFungi.
=910  \\$arcp3596
=994  \\$a02$bUIU
=910  \\$aMARS
=955  \\$bark:/13960/t0fv4s87f$qmicrofungiwhenwh00brit
=852  8\$beresour-nc$hOnline Resource$t1
=856  41$3Full text - HathiTrust Digital Library$uhttps://hdl.handle.net/2027/uiuo.ark:/13960/t0fv4s87f

