=LDR  00764cam a22002291  4500
=001  2253536
=005  20071129230334.0
=008  900530s1921\\\\cau\\\\\\\\\\\\\\\\\eng\u
=003  UIUdb
=035  \\$a(OCoLC)ocm77221053
=035  \\$9AQM-7427
=035  \\$9UC 00067731
=035  \\$aurb00101165
=040  \\$dUtOrBLW
=100  1\$aJeffries, A. C.
=245  14$aThe midnight cry to wake us up :$bthe Father's preparation to meet the bridegroom.
=260  \\$aLos Angeles :$bPublished by A.C. Jeffries,$c[c1921]
=300  \\$a157 p. ;$c18 cm.
=650  \0$aRevelation.
=955  \\$bark:/13960/t5n93fz83$qmidnightcrytowak00jeff
=852  8\$beresour-nc$hOnline Resource$t1
=856  41$3Full text - HathiTrust Digital Library$uhttps://hdl.handle.net/2027/uiuo.ark:/13960/t5n93fz83

