=LDR  01231cam a22003251  4500
=001  2204652
=005  20071129225123.0
=008  900530s1910\\\\vau\\\\\\\\\\s\\\\\\eng\u
=003  UIUdb
=010  \\$a   10033293 
=035  \\$a(OCoLC)ocm77218461
=035  \\$9AQH-6558
=035  \\$9UC 12097049
=035  \\$auil00071801
=040  \\$dUtOrBLW
=110  1\$aVirginia.$bState Corporation Commission.
=245  10$aMileage, class, and commodity rates applicable to steam railroads in Virginia /$cas authorized by the Commission, and in force December 31, 1909.
=246  07$aFreight tariff
=260  \\$a[Richmond :$bD. Bottom, superintendent public print,$c1910]
=300  \\$a86 p. ;$c23 cm.
=500  \\$aAt head of title: Commonwealth of Virginia. State Corporation Commission.
=500  \\$aR.R. Prentis, chairman.
=650  \0$aRailroads$zVirginia$xRates.
=700  1\$aPrentis, Robert Riddick,$d1855-
=911  \\$1m$2AQH-6558$3UC 12097049$47/15/2004 8:51:42$a385.231 V819M
=913  \\$150311
=910  \\$aMARS
=955  \\$bark:/13960/t1dk1n89t$qmileageclasscomm00virg
=852  8\$beresour-nc$hOnline Resource$t1
=856  41$3Full text - HathiTrust Digital Library$uhttps://hdl.handle.net/2027/uiuo.ark:/13960/t1dk1n89t

