=LDR  01239ccm a2200361Ia 4500
=001  2200088
=005  20140516144451.0
=008  900530s1900\\\\nyupta\\\\\\\\\n\\\\lat\d
=003  UIUdb
=035  \\$a(OCoLC)ocm24170502
=040  \\$aWVU$cWVU$dUIU
=028  20$a15489$bG. Schirmer
=035  \\$9AQH-1982
=035  \\$9UC 09035147
=090  \\$aM2099.L62$bJ67 1900
=049  \\$aUIUU
=100  0\$aJosquin,$cdes Prez,$d-1521.
=240  10$aMiserere mei, Deus
=245  10$aMiserere mei, Deus : for five voices, a cappella /$cmusic by Josquin de Près ; [edited by Frank Damrosch]
=254  \\$aVocal score.
=260  \\$aNew York :$bG. Schirmer,$cc1900.
=300  \\$a1 vocal score (39 p.) ;$c27 cm.
=490  0\$aWorks selected from the programs of the society / Musical Art Society of New York ;$v43
=500  \\$aFor SATTB, with accompaniment for rehearsal only.
=500  \\$aLatin words.
=500  \\$aPl. no.: 15489.
=650  \0$aPart songs, Sacred.
=910  \\$arcp3356
=994  \\$a02$bUIU
=910  \\$aMARS
=955  \\$bark:/13960/t6451wq4w$qmisereremeideusf00josq
=852  8\$beresour-nc$hOnline Resource$t1
=856  41$3Full text - HathiTrust Digital Library$uhttps://hdl.handle.net/2027/uiuo.ark:/13960/t6451wq4w

