=LDR  00838cam a2200277Ka 4500
=001  2187172
=005  20080119210219.0
=008  900530s1900\\\\ilu\\\\\\\\\\\000\0\eng\d
=003  UIUdb
=035  \\$a(OCoLC)ocm32324772
=040  \\$aACL$cACL
=035  \\$9uc 01001054
=035  \\$9AQF-8970
=090  \\$aBP75$b.S3 1900
=049  \\$aUIUU
=100  1\$aShabaz, Absalom D.,$db. 1874.
=245  10$aMohammed, the last prophet /$cby Absalom D. Schabaz.
=260  \\$aChicago :$bWindsor & Kenfield,$c1900.
=300  \\$a72 p. ;$c20 cm.
=650  \0$aMissions to Muslims.
=650  \0$aIslam.
=699  \9$a266SH1M
=994  \\$a92$bUIU
=955  \\$bark:/13960/t0tr24172$qmohammedlastprop00shab
=852  8\$beresour-nc$hOnline Resource$t1
=856  41$3Full text - HathiTrust Digital Library$uhttps://hdl.handle.net/2027/uiuo.ark:/13960/t0tr24172

