=LDR  01143cam a2200313Ia 4500
=001  2186901
=005  20170222160229.0
=008  900530s1832\\\\enk\\\\\\\\\\\000\0\eng\d
=003  UIUdb
=035  \\$a(OCoLC)ocm20607813
=040  \\$aPSC$beng$cPSC$dOCLCG$dOCLCQ$dOCLCF$dOCLCQ$dOCLCO
=050  \4$aHB875$b.O83 1832
=049  \\$aUIUU
=100  1\$aOwen, Robert Dale,$d1801-1877.
=245  10$aMoral physiology, or, A brief and plain treatise on the population question /$cby Robert Dale Owen.
=246  3\$aBrief and plain treatise on the population question
=260  \\$aLondon :$bWatson,$c1832.
=300  \\$a52 pages ;$c18 cm
=336  \\$atext$btxt$2rdacontent
=337  \\$aunmediated$bn$2rdamedia
=338  \\$avolume$bnc$2rdacarrier
=650  \0$aBirth control.
=650  \0$aMalthusianism.
=650  \7$aBirth control.$2fast$0(OCoLC)fst00833148
=650  \7$aMalthusianism.$2fast$0(OCoLC)fst01006864
=994  \\$aC0$bUIU
=955  \\$bark:/13960/t9868qv93$qmoralphysiologyo00owen_0
=852  8\$beresour-nc$hOnline Resource$t1
=856  41$3Full text - HathiTrust Digital Library$uhttps://hdl.handle.net/2027/uiuo.ark:/13960/t9868qv93

