=LDR  00925cam a2200289Ka 4500
=001  2161431
=005  20030730211459.0
=008  900530s1909\\\\xxu\\\\\\\\\\\000\0\eng\d
=003  UIUdb
=035  \\$a(OCoLC)ocm47733103
=040  \\$aORU$cORU$dUIU
=035  \\$9AQD-3095
=035  \\$9UC 00010621
=090  \\$aRC516$b.W445 1909
=049  \\$aUIUU
=100  1\$aWells, Frederic Lyman,$db. 1884.
=245  10$aMotor retardation as a manic-depressive symptom /$cby Frederic Lyman Wells.
=260  \\$a[,$c1909]
=300  \\$a52 p. ;$c23 cm.
=490  0\$aAmerican journal of insanity ;$vvolume LXVI, July 1909, no. 1
=650  \0$aManic-depressive illness.
=910  \\$arcp2404
=994  \\$a02$bUIU
=910  \\$aMARS
=955  \\$bark:/13960/t9c59tc15$qmotorretardation00well
=852  8\$beresour-nc$hOnline Resource$t1
=856  41$3Full text - HathiTrust Digital Library$uhttps://hdl.handle.net/2027/uiuo.ark:/13960/t9c59tc15

