=LDR  01533cam a2200349Ia 4500
=001  5430935
=005  20071126094953.0
=008  981211q17uu18uuenk\\\\\\\\\\\000\0\eng\d
=003  UIUdb
=035  \\$a(OCoLC)ocm40477027
=040  \\$aOSU$cOSU$dOCLCQ
=090  \\$aPR4501.C3$bM6 1700Z
=049  \\$aUIUU
=100  1\$aColman, George,$d1762-1836.
=245  14$aThe mountaineers :$ba play, in three acts /$cby George Colman, the younger ; with remarks by Mrs. Inchbald.
=260  \\$aLondon :$bPrinted for Longman, Hurst, Rees, Orme, and Brown,$c[18th century and early 19th century]$e(Edinburg :$fPrinted by James Ballantyne & Co.)
=300  \\$a66 p. :$bfront., ill. ;$c16 cm.
=500  \\$aFrontispiece.
=500  \\$a"As performed at the Theatre-Royal, Hay-Market. Printed under the authority of the managers from the prompt book."
=500  \\$aBased on the adventures of Cardenio in Don Quixote by Cervantes.
=650  \0$aEnglish drama$y18th century.
=650  \0$aAuthors, English$y18th century.
=655  \7$aDrama.$2lcsh
=700  1\$aInchbald,$cMrs.,$d1753-1821.
=700  1\$aCervantes Saavedra, Miguel de,$d1547-1616.$tDon Quixote.
=710  2\$aLongman, Hurst, Rees, Orme, and Brown.$4pbl
=710  2\$aJames Ballantyne and Co.$4prt
=710  2\$aHaymarket Theatre (London, England)
=994  \\$aC0$bUIU
=955  \\$bark:/13960/t1hj2qz83$qmountaineersplay00colm
=852  8\$beresour-nc$hOnline Resource$t1
=856  41$3Full text - HathiTrust Digital Library$uhttps://hdl.handle.net/2027/uiuo.ark:/13960/t1hj2qz83

