=LDR  00846cam a2200229Ia 4500
=001  7215096
=005  20130424154257.0
=008  010221s188u\\\\xxu\\\\\\\\\\\000\0\eng\d
=003  UIUdb
=035  \\$a(OCoLC)ocm45998560
=040  \\$aUMS$cUMS$dOCLCQ
=090  \\$aLD3571.M32$bS3
=049  \\$aUIUU
=100  1\$aSeip, T. L.
=245  10$aMuhlenberg College :$ban address delivered before the Ministerium of Pennsylvania at its 140th annual meeting held in Zion's Church, Philadelphia, June 2, 1887 /$cby Rev. T.L. Seip, D.D.
=260  \\$a[S.l. :$bs.n.,$cn.d.]
=300  \\$a16 p. ;$c22 cm.
=610  20$aMuhlenberg College.
=994  \\$aC0$bUIU
=955  \\$bark:/13960/t2n64rd47$qmuhlenbergcolleg00seip_0
=852  8\$beresour-nc$hOnline Resource$t1
=856  41$3Full text - HathiTrust Digital Library$uhttps://hdl.handle.net/2027/uiuo.ark:/13960/t2n64rd47

