=LDR  00968cam a2200301K  4500
=001  2175058
=005  20030803080219.0
=008  900530s1906\\\\ksua\\\\\\\\\\000\0\eng\d
=003  UIUdb
=035  \\$a(OCoLC)ocm16679543
=040  \\$aAUM$cAUM$dUIU
=035  \\$9AQE-6762
=035  \\$9UC 11039645
=090  \\$aHG8061$b.N3
=049  \\$aUIUU
=110  2\$aNational Association of Mutual Co-operative Fire Insurance Companies.
=245  10$aMutual insurance manual.$bA handbook.$cC.F. Mingenback, Chairman of Committee. S.G. Mead, comp.
=260  \\$aMcPherson, Kansas,$c1906.
=300  \\$a512 p.$billus.$c23 cm.
=650  \0$aInsurance.
=700  1\$aMead, S. G.
=700  1\$aMingenback, C. F.
=910  \\$arcp2404
=994  \\$a02$bUIU
=910  \\$aMARS
=955  \\$bark:/13960/t47q5698k$qmutualinsurancem00nati
=852  8\$beresour-nc$hOnline Resource$t1
=856  41$3Full text - HathiTrust Digital Library$uhttps://hdl.handle.net/2027/uiuo.ark:/13960/t47q5698k

