=LDR  00938cam a2200265Ki 4500
=001  2311114
=005  20170724085801.0
=008  900530s1873\\\\gw\\\\\\\\\\\\000\0\ger\d
=003  UIUdb
=035  \\$a(OCoLC)ocn994298024
=040  \\$aUIU$beng$erda$cUIU
=049  \\$aUIUU
=100  1\$aMerkel, Rudolf,$d1811-1885,$eauthor.
=245  10$aNachtrag zum Programm von 1871.$cVom Rud. Merkel.
=264  \1$aQuedlinburg,$bDruck von G. Baffe,$c1873.
=300  \\$a[1]-14 pages ;$c26 cm
=336  \\$atext$btxt$2rdacontent
=337  \\$aunmediated$bn$2rdamedia
=338  \\$avolume$bnc$2rdacarrier
=500  \\$aPages extracted from the "Programm des Königl. Gymnasiums zu Quedlinburg."
=650  \0$aSchools$zGermany.
=994  \\$aC0$bUIU
=955  \\$bark:/13960/t5fc18m17$qnachtragzumprogr00merk
=852  8\$beresour-nc$hOnline Resource$t1
=856  41$3Full text - HathiTrust Digital Library$uhttps://hdl.handle.net/2027/uiuo.ark:/13960/t5fc18m17

