=LDR  01087cam a2200289Ia 4500
=001  554669
=005  20160903222221.0
=008  820603s1920\\\\nyu\\\\\\\\\\\000\d\ukrod
=003  UIUdb
=035  \\$a(OCoLC)ocm08488422
=040  \\$aUIU$beng$cUIU$dOCLCQ$dZCU
=050  \4$aPG3948.I25$b.N3 1920
=082  04$a891.79$bIa62, On
=049  \\$aUIUU
=100  1\$aI͡Anovsʹka, Li͡ubovʹ,$d1861-1933.
=245  10$aNa sinoz͡hati :$bz͡hart na odnu dii͡u /$cL. I͡Anovsʹka.
=260  \\$aNi͡u Ĭork :$bNakl. Ukraïnsʹkoï knih. im. T. Shevchenka,$c1920.
=300  \\$a27 pages ;$c21 cm
=336  \\$atext$btxt$2rdacontent
=337  \\$aunmediated$bn$2rdamedia
=338  \\$avolume$bnc$2rdacarrier
=710  2\$aSurmach Family Collection of Ukrainian Imprints (Columbia University)$5NNC
=945  \\$aMaster record variable field(s) change: 100$b09/02/2016
=994  \\$a92$bUIU
=955  \\$bark:/13960/t7sn6d83p$qnasinozhatizhart00iano
=852  8\$beresour-nc$hOnline Resource$t1
=856  41$3Full text - HathiTrust Digital Library$uhttps://hdl.handle.net/2027/uiuo.ark:/13960/t7sn6d83p

