=LDR  01310cam a2200325Ki 4500
=001  2590184
=005  20170724131754.0
=008  900530s1882\\\\dcu\\\\\\\\\\\000\0\eng\d
=003  UIUdb
=035  \\$a(OCoLC)ocn994613884
=040  \\$aUIU$beng$erda$cUIU
=092  \\$a332.11$bSm54e
=049  \\$aUIUU
=100  1\$aSmith, D. C.$q(Dietrich Conrad),$d1840-1914,$eauthor.
=245  10$aNational bank charters :$bspeech of Hon. D. C. Smith, of Illinois, in the House of Representatives, May 13, 1882.
=264  \1$aWashington [D.C.] :$b[publisher not identified],$c1882.
=300  \\$a12 pages ;$c21 cm
=336  \\$atext$btxt$2rdacontent
=337  \\$aunmediated$bn$2rdamedia
=338  \\$avolume$bnc$2rdacarrier
=650  \0$aBanks and banking$zUnited States$xHistory.
=650  \0$aBanks and banking$xGovernment policy$zUnited States.
=650  \7$aBanks and banking.$2fast$0(OCoLC)fst00826867
=650  \7$aBanks and banking$xGovernment policy.$2fast$0(OCoLC)fst00826934
=651  \7$aUnited States.$2fast$0(OCoLC)fst01204155
=655  \7$aHistory.$2fast$0(OCoLC)fst01411628
=994  \\$aC0$bUIU
=955  \\$bark:/13960/t0fv4s86z$qnationalbankchar00smit
=852  8\$beresour-nc$hOnline Resource$t1
=856  41$3Full text - HathiTrust Digital Library$uhttps://hdl.handle.net/2027/uiuo.ark:/13960/t0fv4s86z

