=LDR  00844cam a22002771  4500
=001  2188919
=005  20071129224735.0
=008  900530s1917\\\\mau\\\\\\\\\\\\\\\\\eng\u
=003  UIUdb
=035  \\$a(OCoLC)ocm77217777
=035  \\$9AQG-0724
=035  \\$9UC 09036970
=035  \\$auil00044173
=040  \\$dUtOrBLW
=100  1\$aByer, John,$cSaint.
=245  12$aA nation's hymn.
=260  \\$aBoston :$bC.W. Thompson & Co.,$cc1917.
=300  \\$a3 p. ;$ccm.
=440  \0$aThompson's edition for mixed voices
=650  \0$aSongs.
=911  \\$1m$2AQG-0724$3UC 09036970$46/23/2004 9:13:07$aQ. 784.4 B99N
=913  \\$111770
=910  \\$aMARS
=955  \\$bark:/13960/t38119f5s$qnationshymn00byer
=852  8\$beresour-nc$hOnline Resource$t1
=856  41$3Full text - HathiTrust Digital Library$uhttps://hdl.handle.net/2027/uiuo.ark:/13960/t38119f5s

