=LDR  00915cam a22002651  4500
=001  2300055
=005  20071129231445.0
=008  900530r191u1912xx\\\\\\\\\\\\\\\\\\eng\u
=003  UIUdb
=035  \\$a(OCoLC)ocm77223202
=035  \\$9AQR-4221
=035  \\$9UC 06002634
=035  \\$aurb00072645
=040  \\$dUtOrBLW
=100  1\$aForbes, Stephen Alfred,$d1844-1930.
=245  14$aThe native animal resources of the state.
=260  \\$a[S.l.,$c191-?]
=300  \\$ap. ;$ccm.
=500  \\$aCaption-title.
=500  \\$a"Reprint from Transactions of the Illinois academy of science, fifth annual meeting, Bloomington, Ill., Feb. 23 and 24, 1912."
=650  \0$aZoology, Economic.
=651  \0$aIllinois$xZoology.
=955  \\$bark:/13960/t55f51q0x$qnativeanimalreso00forb
=852  8\$beresour-nc$hOnline Resource$t1
=856  41$3Full text - HathiTrust Digital Library$uhttps://hdl.handle.net/2027/uiuo.ark:/13960/t55f51q0x

