=LDR  01172cam a2200349Ia 4500
=001  2294816
=005  20030804131111.0
=008  900530r19131913iau\\\\\\b\\\\000\0\eng\d
=003  UIUdb
=035  \\$a(OCoLC)ocm07728808
=040  \\$aTMA$cTMA$dUIU
=035  \\$9AQQ-8970
=035  \\$9UC 01098702
=043  \\$an-usm--
=090  \\$aF351$b C65x, 1931a
=049  \\$aUIUU
=100  1\$aCole, Arthur Charles,$d1886-
=245  10$aNativism in the lower Mississippi Valley /$cArthur C. Cole.
=260  \\$a[Cedar Rapids, Ia. :$bs.n.,$c1913?]
=300  \\$a20 p. ;$c25 cm.
=500  \\$aCaption title.
=504  \\$aIncludes bibliographical references.
=500  \\$aReprinted from the Proceedings of the Mississippi Valley Historical Association, volume VI.
=651  \0$aMississippi River Valley$xPolitics and government.
=651  \0$aMississippi River Valley$xHistory.
=650  \0$aNativism.
=910  \\$arcp1117
=994  \\$a02$bUIU
=910  \\$aMARS
=955  \\$bark:/13960/t89h1vv8r$qnativisminlowerm00cole
=852  8\$beresour-nc$hOnline Resource$t1
=856  41$3Full text - HathiTrust Digital Library$uhttps://hdl.handle.net/2027/uiuo.ark:/13960/t89h1vv8r

