=LDR  01384cam a22003611  4500
=001  2999047
=005  20030804074510.0
=008  900530s1880\\\\enkaf\\\\\\\\\000\0\eng\\
=003  UIUdb
=010  \\$a   33004091 
=035  \\$a(OCoLC)ocm18448518
=040  \\$aDLC/ICU$cCGU$dDLC$dOCLCQ$dUIU
=035  \\$9ATM-3585
=035  \\$9UC 06032808
=043  \\$ae-uk-en
=050  00$aQH138.S4$bW5 1880
=082  00$a591.94227
=049  \\$aUIUU
=100  1\$aWhite, Gilbert,$d1720-1793.
=245  14$aThe natural history and antiquities of Selborne,$bwith observations on various parts of nature and the naturalist's calendar,$cby the late Rev. Gilbert White ...
=250  \\$aA new ed., edited with notes,$bby Sir William Jardine ... With numerous illustrations.
=260  \\$aLondon,$aNew York :$bG. Routledge and Sons,$c1880.
=300  \\$a3 p.l., [v]-xxvi p., 1 l., 475, [1] p.$bfront., illus., plates.$c18 cm.
=500  \\$aAdded t.-p., engraved.
=650  \0$aNatural history$zEngland$zSelborne (England)
=651  \0$aSelborne (England)$xAntiquities.
=700  1\$aJardine, William,$cSir,$d1800-1874.
=910  \\$arcp3604
=994  \\$a02$bUIU
=910  \\$aMARS
=955  \\$bark:/13960/t3b059d16$qnaturalhistoryan00whit_1
=852  8\$beresour-nc$hOnline Resource$t1
=856  41$3Full text - HathiTrust Digital Library$uhttps://hdl.handle.net/2027/uiuo.ark:/13960/t3b059d16

