=LDR  00832cam a22002651  4500
=001  2296389
=005  20071129231307.0
=008  900530s1903\\\\vau\\\\\\\\\\\\\\\\\eng\u
=003  UIUdb
=035  \\$a(OCoLC)ocm77222849
=035  \\$9AQR-0546
=035  \\$9UC 03045291
=035  \\$auil00056948
=040  \\$dUtOrBLW
=100  1\$aDickerman, George Sherwood.
=245  10$aNegro literacy and illiteracy :$b[census of 1900].
=260  \\$a[Hampton, Va.,$c1903]
=300  \\$a4 p. ;$ccm.
=650  \0$aNegroes$xEducation.
=911  \\$1m$2AQR-0546$3UC 03045291$47/7/2004 7:54:39$a371.94 D55N
=913  \\$145440
=910  \\$aMARS
=955  \\$bark:/13960/t6645z73r$qnegroliteracyill00dick
=852  8\$beresour-nc$hOnline Resource$t1
=856  41$3Full text - HathiTrust Digital Library$uhttps://hdl.handle.net/2027/uiuo.ark:/13960/t6645z73r

