=LDR  00924cam a2200289K  4500
=001  2308270
=005  20030807191024.0
=008  900530s1916\\\\sz\\\\\\\\\\\\000\0\ger\d
=003  UIUdb
=035  \\$a(OCoLC)ocm41201314
=040  \\$aCGU$cCGU$dUIU
=035  \\$9AQS-2446
=035  \\$9UC 12009848
=049  \\$aUIUU
=100  1\$aMori, Paul.
=245  10$aNeue wege schweizerischer exportpolitik;$beine wirtschaftspolitische studie$cvon dr. P. Mori.
=260  \\$aZürich :$bOrell Füssli,$c1916.
=300  \\$a56 p.$c23 cm.
=440  \0$aSchweizer zeitfragen.$vheft. 49
=651  \0$aSwitzerland$xCommercial policy.
=650  \0$aTariff$zSwitzerland.
=910  \\$arcp2763
=994  \\$a02$bUIU
=910  \\$aMARS
=955  \\$bark:/13960/t8kd83t1x$qneuewegeschweize00mori
=852  8\$beresour-nc$hOnline Resource$t1
=856  41$3Full text - HathiTrust Digital Library$uhttps://hdl.handle.net/2027/uiuo.ark:/13960/t8kd83t1x

