=LDR  00891cam a2200277K  4500
=001  1805750
=005  20030731065300.0
=008  900530s1840\\\\ctua\\\\\\\\\\000\0\eng\d
=003  UIUdb
=035  \\$a(OCoLC)ocm47625786
=040  \\$aYUS$cYUS$dUIU
=035  \\$9AOG-5014
=035  \\$9UC 00029443
=049  \\$aUIUU
=245  04$aThe new settler ...$cBy an American citizen.
=260  \\$aNew Haven :$bPrinted by William Storer, jun.,$c1840.
=300  \\$a11 p., incl. diagr.$c21 cm.
=650  \0$aAgricultural colonies$zUnited States.
=650  \0$aVillage communities$zUnited States.
=650  \0$aPublic lands$zUnited States.
=910  \\$arcp2430
=994  \\$a02$bUIU
=910  \\$aMARS
=955  \\$bark:/13960/t6zw7p13x$qnewsettler00unse
=852  8\$beresour-nc$hOnline Resource$t1
=856  41$3Full text - HathiTrust Digital Library$uhttps://hdl.handle.net/2027/uiuo.ark:/13960/t6zw7p13x

