=LDR  00945cam a2200289Ia 4500
=001  2802216
=005  20030802160201.0
=008  900530s1919\\\\nyu\\\\\\\\\\\000\0\eng\d
=003  UIUdb
=035  \\$a(OCoLC)ocm44440129
=040  \\$aNDL$cNDL$dUIU
=035  \\$9ASQ-3788
=035  \\$9UC 01050010
=043  \\$an-us-ny
=049  \\$aUIUU
=110  1\$aNew York (State)
=240  10$aAct to amend the tax law in relation to imposing taxes upon and with respect to incomes
=245  10$aNew York state personal income tax law.
=260  \\$aNew York :$bNational City Company,$c1919.
=300  \\$a18 p. ;$c24 cm.
=650  \0$aIncome tax$xLaw and legislation$zNew York (State)
=910  \\$arcp3211
=994  \\$a02$bUIU
=910  \\$aMARS
=955  \\$bark:/13960/t30352b6r$qnewyorkstatepers00newy
=852  8\$beresour-nc$hOnline Resource$t1
=856  41$3Full text - HathiTrust Digital Library$uhttps://hdl.handle.net/2027/uiuo.ark:/13960/t30352b6r

