=LDR  01034cam a22003011  4500
=001  2166809
=005  20071129223918.0
=008  900530s1909\\\\it\\\\\\\\\\\\\\\\\\ita\u
=003  UIUdb
=035  \\$a(OCoLC)ocm77215992
=035  \\$9AQD-8489
=035  \\$9UC 05013840
=035  \\$auil00035200
=040  \\$dUtOrBLW
=100  1\$aBertoni, Giulio,$d1878-1942.
=245  10$aNote di toponomastica modenese.
=260  \\$aModena,$c1909.
=300  \\$a8 p. ;$ccm.
=500  \\$aEstratto dagli Atti e memorie della R. deputazione di storia patria per le provincie modenesi, serie V, vol. VI.
=650  \0$aItalian language$xEtymology.
=650  \0$aNames, Geographical.
=650  \0$aItalian language$xDialects$zModena.
=911  \\$1m$2AQD-8489$3UC 05013840$46/17/2004 9:00:11$a452.5 B46N
=913  \\$148019
=910  \\$aMARS
=955  \\$bark:/13960/t0dv7rd27$qnoteditoponomast00bert
=852  8\$beresour-nc$hOnline Resource$t1
=856  41$3Full text - HathiTrust Digital Library$uhttps://hdl.handle.net/2027/uiuo.ark:/13960/t0dv7rd27

