=LDR  00816cam a22002531  4500
=001  2175233
=005  20071129224322.0
=008  900530s1907\\\\ilu\\\\\r\\\\\\\\\\\eng\u
=003  UIUdb
=035  \\$a(OCoLC)ocm77216850
=035  \\$9AQE-6937
=035  \\$9UC 11056084
=035  \\$aurb00146048
=040  \\$dUtOrBLW
=100  1\$aSenior, Harold Dickinson.
=245  10$aNote on the conus arteriosus of Megalops cyprinoides (Broussonet).
=260  \\$aChicago,$c1907.
=300  \\$ap. 378-79 ;$ccm.
=500  \\$aReprinted from Biological bulletin, v. 12, no. 6. May, 1907.
=650  \0$aHeart.
=650  \0$aFish.
=955  \\$bark:/13960/t4hn1fg80$qnoteonconusarter00seni
=852  8\$beresour-nc$hOnline Resource$t1
=856  41$3Full text - HathiTrust Digital Library$uhttps://hdl.handle.net/2027/uiuo.ark:/13960/t4hn1fg80

