=LDR  01016cam a22003011  4500
=001  2163477
=005  20071129223802.0
=008  900530s1883\\\\stk\\\\\\\\\\\\\\\\\eng\u
=003  UIUdb
=035  \\$a(OCoLC)ocm77215727
=035  \\$9AQD-5148
=035  \\$9UC 01083585
=035  \\$a(UtOrBLW)bslw00210551
=040  \\$aUtOrBLW$cUtOrBLW
=100  1\$aLindsay, Thomas Martin.
=245  10$aNotes on education in Scotland in early days.
=260  \\$a[Glasgow,$c1883]
=300  \\$ap. [13]-48 ;$ccm.
=440  \0$aTransactions / Glasgow Archaeological Society ;$v[n.s., v. 1]:no. 2-3
=500  \\$aCaption title.
=590  \\$aDetached copy.
=650  \0$aEducation$zScotland$xHistory.
=911  \\$a370.941 L64N$1m$2AQD-5148$3UC 01083585$43/30/2004 18:29:57
=987  \\$amissing$bcard two
=910  \\$aMARS
=955  \\$bark:/13960/t1zd44t2s$qnotesoneducation00lind
=852  8\$beresour-nc$hOnline Resource$t1
=856  41$3Full text - HathiTrust Digital Library$uhttps://hdl.handle.net/2027/uiuo.ark:/13960/t1zd44t2s

