=LDR  00977cam a2200265M  4500
=001  2168682
=005  20030801044231.0
=008  900530r1907uuuuonc\\\\\\\\\\s000\0\eng\d
=003  UIUdb
=035  \\$a(OCoLC)ocm31830428
=040  \\$aYAM$cYAM$dOCL$dUIU
=035  \\$9AQE-0367
=035  \\$9UC 06068617
=049  \\$aUIUU
=100  1\$aLambe, Lawrence M.
=245  10$aNotes on the fossil corals collected by Mr. A.P. Low at Beechey Island, Southampton Island and Cape Chidley in 1904.
=260  \\$aOttawa :$bGov't Printing Bureau,$c1907.
=300  \\$a9 p.$c8vo
=500  \\$aPublication No. 954, Geological Survey of Canada. Reprinted from Appendix 4 of Publication No. 905: Low, The Cruise of the "Neptune".
=910  \\$arcp3024
=994  \\$a02$bUIU
=910  \\$aMARS
=955  \\$bark:/13960/t6vx6k521$qnotesonfossilcor00lamb
=852  8\$beresour-nc$hOnline Resource$t1
=856  41$3Full text - HathiTrust Digital Library$uhttps://hdl.handle.net/2027/uiuo.ark:/13960/t6vx6k521

