=LDR  00977cam a2200289Ma 4500
=001  2176759
=005  20030804085438.0
=008  900530s1869\\\\fr\\\\\\\\\\\\000\0\fre\d
=003  UIUdb
=035  \\$a(OCoLC)ocm44826386
=040  \\$aEQO$cEQO$dUIU
=035  \\$9AQE-8465
=035  \\$9UC 12099230
=049  \\$aUIUU
=100  1\$aCaillemer, Exupère,$d1837-1913.
=245  10$aNotes sur les railways ou chemins à rainures dans l'antiquité grecque /$cpar E. Caillemer.
=260  \\$a[S.l. :$bs.n.,$c1869]$e(Paris :$fImprimerie impériale)
=300  \\$a11 p. ;$c24 cm.
=504  \\$aIncludes bibliographical references.
=650  \0$aTransportation$zGreece$xHistory.
=651  \0$aGreece$xAntiquities.
=910  \\$arcp3254
=994  \\$a02$bUIU
=910  \\$aMARS
=955  \\$bark:/13960/t3nw5pc12$qnotessurlesrailw00cail
=852  8\$beresour-nc$hOnline Resource$t1
=856  41$3Full text - HathiTrust Digital Library$uhttps://hdl.handle.net/2027/uiuo.ark:/13960/t3nw5pc12

