=LDR  00917cam a2200277K  4500
=001  2194170
=005  20160304153806.0
=008  900530s1885\\\\fr\\\\\\\\\\\\000\0\fre\d
=003  UIUdb
=035  \\$a(OCoLC)ocm44953080
=040  \\$aNYP$cNYP$dUIU
=035  \\$9AQG-6002
=035  \\$9UC 03054520
=049  \\$aUIUU
=110  1\$aSeine (France).$bPréfecture.
=245  10$aNote sur l'organisation & le fonctionnement des Bibliothèques Municipales de Paris.
=260  \\$aParis :$bImp. Nouvelle,$c1885.
=300  \\$a35 p.$c4to.
=500  \\$aCopy 2: Disbound Original Held in Oak Street Library Facility.
=650  \4$aLibraries$zFrance$zParis.
=910  \\$arcp3170
=994  \\$a02$bUIU
=910  \\$aMARS
=955  \\$bark:/13960/t6c31410c$qnotesurlorganisa00sein
=852  8\$beresour-nc$hOnline Resource$t1
=856  41$3Full text - HathiTrust Digital Library$uhttps://hdl.handle.net/2027/uiuo.ark:/13960/t6c31410c

