=LDR  01007cam a2200289K  4500
=001  2181596
=005  20030806141512.0
=008  900530s1832\\\\fr\\\\\\\\\\\\000\0\fre\d
=003  UIUdb
=035  \\$a(OCoLC)ocm17001051
=040  \\$aRQE$cRQE$dOCL$dOCLCQ$dUIU
=035  \\$9AQF-3316
=035  \\$9UC 17035733
=090  \\$aTF144.C68$bM3 1830
=049  \\$aUIUU
=100  1\$aPerdonnet, Auguste,$d1801-1867.
=245  10$aNotice sur les avantages des chemins de fer comparés aux autres voies de communication artificielle ... lue à l'Association polytechnique dans sa séance du 16 mai 1832 ...
=260  \\$a[Paris?,$c1832?]
=300  \\$a[9]-33 p.$c22 cm.
=500  \\$aCaption title.
=650  \0$aRailroads$vEarly works to 1850.
=910  \\$arcp2268
=994  \\$a02$bUIU
=910  \\$aMARS
=955  \\$bark:/13960/t4bp69701$qnoticesurlesavan00perd
=852  8\$beresour-nc$hOnline Resource$t1
=856  41$3Full text - HathiTrust Digital Library$uhttps://hdl.handle.net/2027/uiuo.ark:/13960/t4bp69701

