=LDR  01035cam a22003131  4500
=001  2994563
=005  20071205224928.0
=008  900530s1904\\\\bo\\\\\\\\\\\\\\\\\\spa\u
=003  UIUdb
=035  \\$a(OCoLC)ocm77331224
=035  \\$9ATL-9085
=035  \\$9UC 01050993
=035  \\$auil00037955
=040  \\$dUtOrBLW
=110  2\$aBolivia.$bDirección general de correos y telégrafos.
=245  10$aNueva tarifa general para las encomiendas postales internacionales que se expidan por la via de Chile.
=250  \\$aEd. oficial.
=260  \\$aLa Paz,$c1904.
=300  \\$a29 p. ;$ccm.
=500  \\$aCover-title.
=590  \\$aSouth American Collection.
=651  \0$aBolivia$xTaxation.
=911  \\$1m$2ATL-9085$3UC 01050993$46/20/2004 13:50:09$a336.26 B63N
=913  \\$153510
=987  \\$ause$bnote
=910  \\$aMARS
=955  \\$bark:/13960/t09w6nx75$qnuevatarifagener00boli
=852  8\$beresour-nc$hOnline Resource$t1
=856  41$3Full text - HathiTrust Digital Library$uhttps://hdl.handle.net/2027/uiuo.ark:/13960/t09w6nx75

