=LDR  01078cam a2200313Ia 4500
=001  1808298
=005  20030802161153.0
=008  900530s1789\\\\fr\\\\\\\\\\\\000\0\fre\d
=003  UIUdb
=035  \\$a(OCoLC)ocm13516505
=040  \\$aIBV$cIBV$dUIU
=035  \\$9AOG-7622
=035  \\$9UC 01049552
=049  \\$aUIUU
=245  00$aObservations d'un citoyen :$bsur l'addition faite le 9 janvier, au mandat donné à Romans, aux représentants de Dauphiné.
=260  \\$a[s.l. :$bs.n.,$c1789]
=300  \\$a19 p. ;$c20 cm.
=500  \\$aCaption title.  Without imprint.
=500  \\$aRefers to actions connected with the États généraux.
=500  \\$aNot in Martin & Walter.
=610  10$aFrance.$bEtats généraux.
=651  \0$aDauphiné (France)
=651  \0$aRomans-sur-Isère (France)
=910  \\$arcp3211
=994  \\$a02$bUIU
=910  \\$aMARS
=955  \\$bark:/13960/t4qk3n32k$qobservationsdunc00unse_5
=852  8\$beresour-nc$hOnline Resource$t1
=856  41$3Full text - HathiTrust Digital Library$uhttps://hdl.handle.net/2027/uiuo.ark:/13960/t4qk3n32k

