=LDR  00982cam a2200277K  4500
=001  2994435
=005  20030804082353.0
=008  900530s1856\\\\enk\\\\\\\\\\\000\0\eng\d
=003  UIUdb
=035  \\$a(OCoLC)ocm36514527
=040  \\$aUEJ$cUEJ$dOCLCQ$dUIU
=035  \\$9ATL-8954
=035  \\$9UC 01040009
=049  \\$aUIUU
=100  1\$aMaclean, Alexander Walker.
=245  10$aObservations on the fundamental principles of monetery [sic] circulation,$band the necessity of a national deposit bank of issue.$c[By A.W. Maclean.
=250  \\$a5th ed.
=260  \\$aGlasgow,$c1856.
=300  \\$a79 p.$c8vo.
=500  \\$aIncludes: Appendix. Draft prospectus of a commercial banking compnay on improved principles.
=910  \\$arcp3256
=994  \\$a02$bUIU
=910  \\$aMARS
=955  \\$bark:/13960/t38119h08$qobservationsonfu00macl_0
=852  8\$beresour-nc$hOnline Resource$t1
=856  41$3Full text - HathiTrust Digital Library$uhttps://hdl.handle.net/2027/uiuo.ark:/13960/t38119h08

