=LDR  00952nam a2200217 i 4500
=001  284000
=005  20020415161425.0
=008  780216s1915\\\\po\bf\\\\\\\\\00010\por\d
=003  UIUdb
=035  \\$a(OCoLC)ocm03642598
=035  \\$9ABD-8776
=040  \\$aYUS$cYUS$dUIU
=100  10$aSilveira, Manuel Arriaga Brun da.
=245  12$aO comercio português com o estado do Rio Grande do Sul /$crelatorio do Manuel Arriaga Brun da Silveira.
=260  0\$aLisboa :$bAnnuario Commercial,$c1915.
=300  \\$a64 p., [1] fold. leaf of plates :$bcol. map ;$c16 cm.
=500  \\$aAt head of title "Associação Comercial de Lisbôa (Camara de Comercio e Industria por decreto de 27 de Junho de l903)."
=651  \0$aPortugal$xCommerce$zBrazil$zRio Grande do Sul
=955  \\$bark:/13960/t1dk1nh2k$qocomercioportugu00silv
=852  8\$beresour-nc$hOnline Resource$t1
=856  41$3Full text - HathiTrust Digital Library$uhttps://hdl.handle.net/2027/uiuo.ark:/13960/t1dk1nh2k

