=LDR  01044cam a2200265Ki 4500
=001  2817140
=005  20170715202805.0
=008  900530s1920\\\\nduc\\\\\\\\\\000\0\eng\d
=003  UIUdb
=035  \\$a(OCoLC)ocn993442677
=040  \\$aUIU$beng$erda$cUIU
=092  \\$a329.9783$bSo8o
=049  \\$aUIUU
=245  00$aOfficial party state publicity pamphlet :$bprinciples and agruments of candidates in party primaries to be held on the fourth Tuesday in March, 1920 /$cpublished by the state of South Dakota.
=264  \1$aPierre, South Dakota :$bState Publishing Company,$c[1920]
=300  \\$a79 pages :$bportraits ;$c22 cm
=336  \\$atext$btxt$2rdacontent
=337  \\$aunmediated$bn$2rdamedia
=338  \\$avolume$bnc$2rdacarrier
=650  \0$aPoliticians$zSouth Dakota.
=945  \\$aLBD data change$b07/14/2017
=994  \\$a92$bUIU
=955  \\$bark:/13960/t69372017$qofficialpartysta00unse
=852  8\$beresour-nc$hOnline Resource$t1
=856  41$3Full text - HathiTrust Digital Library$uhttps://hdl.handle.net/2027/uiuo.ark:/13960/t69372017

