=LDR  00821cam a2200265K  4500
=001  2770469
=005  20030805195816.0
=008  900530s1891\\\\ohucf\\\\\\\\\000\0\eng\d
=003  UIUdb
=035  \\$a(OCoLC)ocm18405035
=040  \\$aRBN$cRBN$dOCL$dUIU
=035  \\$9ASN-1832
=035  \\$9UC 17039472
=049  \\$aUIUU
=100  1\$aHoffmann, Albert Frank.
=245  10$aOf the tribe of Judah,$band other poems ...$cEd. by Edwin F. Flynn.
=260  \\$a[Cincinnati,$c1891]
=300  \\$a81 p.$bfront. (port.) pl.$c17 cm.
=700  1\$aFlynn, Edwin F.
=910  \\$arcp2110
=994  \\$a02$bUIU
=910  \\$aMARS
=955  \\$bark:/13960/t8pc96d65$qoftribeofjudahot00hoff_0
=852  8\$beresour-nc$hOnline Resource$t1
=856  41$3Full text - HathiTrust Digital Library$uhttps://hdl.handle.net/2027/uiuo.ark:/13960/t8pc96d65

