=LDR  00869cam a2200265K  4500
=001  2932456
=005  20030802173058.0
=008  900530s1860\\\\enk\\\\\\\\\\\000\0\eng\d
=003  UIUdb
=035  \\$a(OCoLC)ocm24560713
=040  \\$aLGL$cLGL$dUIU
=035  \\$9ATD-6990
=035  \\$9UC 02088956
=049  \\$aUIUU
=100  1\$aCutts, Edward Lewes,$d1824-1901.
=245  10$aOn church extension and new endowments ...
=260  \\$aLondon :$bRivingtons,$c[1860]
=300  \\$a32 p.$c18 cm.
=500  \\$aIn support of the Society for promoting the employment of additional curates in populous places.
=910  \\$arcp2430
=994  \\$a02$bUIU
=910  \\$aMARS
=955  \\$bark:/13960/t1wf02r47$qonchurchextensio00cutt
=852  8\$beresour-nc$hOnline Resource$t1
=856  41$3Full text - HathiTrust Digital Library$uhttps://hdl.handle.net/2027/uiuo.ark:/13960/t1wf02r47

