=LDR  00909cam a22002771  4500
=001  2636881
=005  20071205221820.0
=008  900530r19131913mau\\\\\\\\\\\\\\\\\eng\u
=003  UIUdb
=035  \\$a(OCoLC)ocm77309717
=035  \\$9ARZ-7476
=035  \\$9UC 00010622
=035  \\$auil00072150
=040  \\$dUtOrBLW
=100  1\$aWells, Frederic Lyman,$db. 1884.
=245  10$aOn formulation in psychoanalysis.
=260  \\$aBoston,$c1913.
=300  \\$a13 p. ;$ccm.
=500  \\$aReprinted from the Journal of abnormal psychology, October-November, 1913.
=650  \0$aPsychology, Pathological.
=911  \\$1m$2ARZ-7476$3UC 00010622$47/15/2004 9:20:14$a132 W46O
=913  \\$123553
=910  \\$aMARS
=955  \\$bark:/13960/t59d35282$qonformulationinp00well
=852  8\$beresour-nc$hOnline Resource$t1
=856  41$3Full text - HathiTrust Digital Library$uhttps://hdl.handle.net/2027/uiuo.ark:/13960/t59d35282

