=LDR  00922cam a22002771  4500
=001  2167157
=005  20071129223933.0
=008  900530s1889\\\\rm\\\\\\\\\\\\\\\\\\rum\u
=003  UIUdb
=035  \\$a(OCoLC)ocm77216042
=035  \\$9AQD-8837
=035  \\$9UC 05047255
=035  \\$auil00055628
=040  \\$dUtOrBLW
=100  1\$aCretu, Gr.
=245  12$aO noŭă etimologie a numeralului românesc o.
=260  \\$aBucureşti,$c1889.
=300  \\$a17 p. ;$ccm.
=500  \\$aExtras din Revista pentru istorie, archeologie şi philologie, vol. VI, anul III.
=650  \0$aRoumanian language$xEtymology.
=911  \\$1m$2AQD-8837$3UC 05047255$47/16/2004 16:30:39$a459 C86N
=913  \\$151480
=910  \\$aMARS
=955  \\$bark:/13960/t8sc0936w$qonouaetimologien00cret
=852  8\$beresour-nc$hOnline Resource$t1
=856  41$3Full text - HathiTrust Digital Library$uhttps://hdl.handle.net/2027/uiuo.ark:/13960/t8sc0936w

