=LDR  00986cam a2200301Ia 4500
=001  2391091
=005  20040527103329.0
=008  900530q18401850mau\\\\\\\\\\\000\0\eng\d
=003  UIUdb
=035  \\$a(OCoLC)ocm12772060
=040  \\$aIOG$cIOG$dOCL$dOCLCQ$dUIU
=035  \\$9ARA-5922
=035  \\$9UC 00049907
=090  \\$aE441$b.S56x no.20
=092  \\$a261.83449$bA512o
=049  \\$aUIUU
=110  2\$aAmerican Board of Commissioners for Foreign Missions.
=245  10$aOn receiving donations from holders of slaves.
=260  \\$aBoston :$bPrinted by Perkins and Marvin,$c[184-]
=300  \\$a20 p. ;$c19 cm.
=500  \\$aCover title.
=650  \0$aSlavery and the church$xCongregational Church.
=650  \0$aChurch finance.
=910  \\$arcp1117
=994  \\$a02$bUIU
=955  \\$bark:/13960/t2f82k308$qonreceivingdonat00amer_0
=852  8\$beresour-nc$hOnline Resource$t1
=856  41$3Full text - HathiTrust Digital Library$uhttps://hdl.handle.net/2027/uiuo.ark:/13960/t2f82k308

