=LDR  01188ccm a2200325K  4500
=001  2104986
=005  20170724132546.0
=008  900530s1878\\\\iluopu\\\\\\\\\n\\\\eng\d
=003  UIUdb
=035  \\$a(OCoLC)ocm71323347
=040  \\$aIBV$beng$cIBV$dOCLCF$dOCLCQ
=049  \\$aUIUU
=100  1\$aVanloo, Albert,$d1846-1920.
=240  10$aGiroflé Girofla.$sLibretto.$lEnglish & German
=245  10$aOpéra bouffe in 3 acts,$cby Charles Lecocq. Text by Albert Vanloo & Eugen Leterrier ...
=260  \\$aChicago,$bM. Stern, Goldsmith & Co.,$c1878.
=300  \\$a24 pages$c25 cm
=336  \\$anotated music$bntm$2rdacontent
=337  \\$aunmediated$bn$2rdamedia
=338  \\$avolume$bnc$2rdacarrier
=500  \\$aCover title.
=546  \\$aEnglish and German in parallel columns.
=650  \0$aLibrettos.
=650  \7$aLibrettos.$2fast$0(OCoLC)fst00998027
=700  1\$aLeterrier, Eugène,$d1842-1884,$eauthor.
=700  1\$aLecocq, Charles,$d1832-1918.
=994  \\$aC0$bUIU
=955  \\$bark:/13960/t9092gg63$qoperabouffein3ac00vanl
=852  8\$beresour-nc$hOnline Resource$t1
=856  41$3Full text - HathiTrust Digital Library$uhttps://hdl.handle.net/2027/uiuo.ark:/13960/t9092gg63

