=LDR  00942cam a2200289K  4500
=001  2881576
=005  20030802173154.0
=008  900530r19131913pau\\\\\\\\\\\000\0\eng\d
=003  UIUdb
=035  \\$a(OCoLC)ocm37182700
=040  \\$aZT8$bfre$cZT8$dUIU
=035  \\$9ASY-5713
=035  \\$9UC 10030613
=049  \\$aUIUU
=100  1\$aDuncan, R. W.
=245  14$aThe optical constants of sodium and potassium.
=260  \\$a[Lancaster,$aIthaca,$aBerlin :$bMayer & Müller],$c1913.
=300  \\$a1 v.$c8vo.
=502  \\$aThesis ... Pennsylvania ... by R.W. and R.C. Duncan.
=500  \\$a[Reprinted from the Physical Review, N.S. vol. I, 1913]
=700  1\$aDuncan, R. C.
=910  \\$arcp2430
=994  \\$a02$bUIU
=910  \\$aMARS
=955  \\$bark:/13960/t85j3pk8z$qopticalconstants00dunc
=852  8\$beresour-nc$hOnline Resource$t1
=856  41$3Full text - HathiTrust Digital Library$uhttps://hdl.handle.net/2027/uiuo.ark:/13960/t85j3pk8z

