=LDR  00905nam a2200229 a 4500
=001  1675070
=005  20020415162251.0
=008  870123s1871\\\\mau\\\\\\\\\\\00010\eng\\
=003  UIUdb
=035  \\$a(OCoLC)ocm15106777
=035  \\$9ANG-7384
=040  \\$aDLC$cWIH$dUIU
=100  10$aWhiting, Lyman,$d1817-1906.
=245  13$aAn oration before the Trustees and students of Carleton College :$bNorthfield, Minn., June 27, 1871 /$cby Lyman Whiting.
=260  0\$aBoston :$bPrinted at the "Boston Daily News" Steam Job Printing Office,$c1871.
=300  \\$a25 p. ;$c24 cm.
=500  \\$a"Published by the Trustees."
=650  \0$aEducation$zUnited States
=650  \0$aUniversities and colleges$zUnited States
=955  \\$bark:/13960/t0ht8v21g$qorationbeforetru00whit
=852  8\$beresour-nc$hOnline Resource$t1
=856  41$3Full text - HathiTrust Digital Library$uhttps://hdl.handle.net/2027/uiuo.ark:/13960/t0ht8v21g

