=LDR  00919cam a22002651  4500
=001  2844605
=005  20071205230632.0
=008  900530s1916\\\\cl\\\\\\\\\\\l\\\\\\spa\u
=003  UIUdb
=035  \\$a(OCoLC)ocm77322270
=035  \\$9ASU-8554
=035  \\$9UC 02012120
=035  \\$ashi00015194
=040  \\$dUtOrBLW
=110  1\$aValparabiso (City)
=240  10$aLaws, etc.
=245  10$aOrdenanzas, reglamentos, etc. de general aplicación en este territorio comunal :$bAbril 1o de 1916.
=260  \\$aValparaiso,$c1916.
=300  \\$a155 p. ;$ccm.
=500  \\$aAt head of title: Municipalidad de Valparaiso. Secretaria.
=911  \\$a352.083 V24O$1m$2ASU-8554$3UC 02012120$44/8/2004 10:15:22
=910  \\$aMARS
=955  \\$bark:/13960/t88h4tr1f$qordenanzasreglam00valp
=852  8\$beresour-nc$hOnline Resource$t1
=856  41$3Full text - HathiTrust Digital Library$uhttps://hdl.handle.net/2027/uiuo.ark:/13960/t88h4tr1f

