=LDR  01093cam a2200313Ii 4500
=001  3467574
=005  20030803041223.0
=008  930403s1906\\\\nyu\\\\\\b\\\\001\0\eng\d
=003  UIUdb
=035  \\$a(OCoLC)ocm03996616
=040  \\$aKKU$cKKU$dUIU
=035  \\$9AWR-7135
=035  \\$9UC 12009466
=090  \\$aQ11$b.N5 v. 17, no. 2
=049  \\$aUIUU
=100  1\$aOsburn, Raymond C.$q(Raymond Carroll),$d1872-1955.
=245  14$aThe origin of the vertebrate limbs :$brecent evidence upon this problem from studies on primitive sharks /$cby Raymond C. Osburn.
=260  \\$aNew York :$bAcademy of Sciences,$c1906.
=300  \\$ap. 415-436 ;$c24 cm.
=440  \0$aAnnals of the New York Academy of Sciences,$vv. 17, no. 2
=504  \\$aBibliography: p. 433-436.
=650  \0$aVertebrates.
=650  \0$aChondrichthyes.
=910  \\$arcp2763
=994  \\$a02$bUIU
=910  \\$aMARS
=955  \\$bark:/13960/t3pw2q21m$qoriginofvertebra00osbu
=852  8\$beresour-nc$hOnline Resource$t1
=856  41$3Full text - HathiTrust Digital Library$uhttps://hdl.handle.net/2027/uiuo.ark:/13960/t3pw2q21m

