=LDR  01444ccm a2200385Mi 4500
=001  2846655
=005  20030801134744.0
=008  900530s1899\\\\nyuzza\\\\\\\\\n\\\\fre\d
=003  UIUdb
=035  \\$a(OCoLC)ocm21818683
=040  \\$aCUY$cCUY$dOCL$dUIU
=028  22$a14350$bG. Schirmer
=035  \\$9ASV-0618
=035  \\$9UC 09035248
=041  1\$afreeng$hfre
=045  \\$at8u2
=048  \\$aca06
=049  \\$aUIUU
=100  1\$aSweelinck, Jan Pieterszoon,$d1562-1621.
=240  10$aO sus, serviteurs du Seigneur.$lEnglish & French
=245  00$aOr sus, serviteurs du Seigneur =$bArise, oh ye servants of God : Psalm CXXXIV : for two sopranos, alto, tenor, and two basses /$c[by] J. P. Sweelinck ; ed. by Franck Damrosch.
=260  \\$a[New York :$bG. Schirmer],$cc1899.
=300  \\$a1 score (8 p.) ;$c28 cm.
=440  \0$aMusical art society of New York : works selected from the programs of the society ;$v35
=500  \\$aCaption title.
=650  \0$aChoruses, Sacred (Mixed voices, 6 parts), Unaccompanied$vScores.
=650  \0$aPsalms (Music)$v134th Psalm.
=700  1\$aDamrosch, Frank Heino,$d1859-1937.
=740  0\$aArise, oh ye servants of God
=910  \\$arcp3356
=994  \\$a02$bUIU
=910  \\$aMARS
=955  \\$bark:/13960/t2q58t49p$qorsusserviteursd00swee
=852  8\$beresour-nc$hOnline Resource$t1
=856  41$3Full text - HathiTrust Digital Library$uhttps://hdl.handle.net/2027/uiuo.ark:/13960/t2q58t49p

