=LDR  00892cam a2200277I  4500
=001  2834736
=005  20030809070118.0
=008  900530s1918\\\\xx\\\\\\\\\\\\000\0\eng\d
=003  UIUdb
=035  \\$a(OCoLC)ocm00909805
=040  \\$aDRB$cDRB$dOCL$dUIU
=035  \\$9AST-6481
=035  \\$9UC 16057475
=090  \\$aD509$b.D3387
=049  \\$aUIUU
=110  2\$aDartmouth College.
=245  10$aOutline of course on issues of the war,$bas conducted at Dartmouth College for the Students' Army Training Corps, October-December 1918.
=260  \\$a[n.p.,$c1918]
=300  \\$a63 p.$c23 cm.
=650  \0$aWorld War, 1914-1918.
=910  \\$arcp0200
=994  \\$a02$bUIU
=910  \\$aMARS
=955  \\$bark:/13960/t2b91gd3j$qoutlineofcourseo00dart
=852  8\$beresour-nc$hOnline Resource$t1
=856  41$3Full text - HathiTrust Digital Library$uhttps://hdl.handle.net/2027/uiuo.ark:/13960/t2b91gd3j

