=LDR  00751cam a2200205Ma 4500
=001  3054143
=005  20121213113601.0
=008  900530s1906\\\\enk\\\\\\\\\\\000\0\eng\d
=003  UIUdb
=035  \\$a(OCoLC)ocn745568117
=040  \\$aERL$cERL
=049  \\$aUIUU
=110  1\$aLeeds (England).$bCity Council.$bHigher Education Department.
=245  10$aOutline of the organisation of technical evening schools.$nSession 1906-7.
=260  \\$aLeeds :$bHigher Education Department,$c1906.
=300  \\$a18 p. :$bill. ;$c22 cm.
=994  \\$aC0$bUIU
=955  \\$bark:/13960/t2d85j601$qoutlineoforganis1906leed$v1906/07
=852  8\$beresour-nc$hOnline Resource$t1
=856  41$3Full text - HathiTrust Digital Library$uhttps://hdl.handle.net/2027/uiuo.ark:/13960/t2d85j601

