=LDR  00916cam a2200253K  4500
=001  2471674
=005  20030808040955.0
=008  900530s1884\\\\dcu\\\\\\\\\\\000\0\eng\d
=003  UIUdb
=035  \\$a(OCoLC)ocm27827981
=040  \\$aYUS$cYUS$dOCLCQ$dUIU
=035  \\$9ARI-8278
=035  \\$9UC 12095987
=049  \\$aUIUU
=100  1\$aJordan, Isaac M.,$d1835-1890.
=245  14$aThe Pacific railroads - their history - their relations to the government - their rights and liabilities ...$bSpeech of Hon. Isaac M. Jordan, of Ohio, in the House of Representatives, Wednesday, June 18, 1884.
=260  \\$aWashington,$c1884.
=300  \\$a38 p.$c23 cm.
=910  \\$arcp3254
=994  \\$a02$bUIU
=910  \\$aMARS
=955  \\$bark:/13960/t9q304f5q$qpacificrailroads00jord
=852  8\$beresour-nc$hOnline Resource$t1
=856  41$3Full text - HathiTrust Digital Library$uhttps://hdl.handle.net/2027/uiuo.ark:/13960/t9q304f5q

