=LDR  01339cam a22003133  4500
=001  2867962
=005  20030802194013.0
=008  900530s1912\\\\dcu\\\\\\\\\\\000\0\eng\d
=003  UIUdb
=035  \\$a(OCoLC)ocm49434791
=040  \\$aCGU$cCGU$dOCLCQ$dUIU
=035  \\$9ASX-1993
=035  \\$9UC 13000131
=049  \\$aUIUU
=100  1\$aBarker, Samuel H.
=245  14$aThe Panama canal and restoration of American merchant marine.$bAn address delivered before the American supply and machinery manufacturers' association at its annual meeting held in Norfolk, Va., May 14, 1912,$cby Mr. Samuel H. Barker, of Philadelphia, Pa., financial editor of the North American ...
=260  \\$aWashington :$bGovt. Print. Off.,$c1912.
=300  \\$a12 p.$c23 cm.
=490  1\$a[United States] 62d Cong., 2d sess. Senate. Doc.$v881
=500  \\$aPresented by Mr. O'Gorman. Ordered printed July 20, 1912.
=651  \0$aPanama Canal (Panama)$xRates and tolls.
=650  \0$aMerchant marine$zUnited States.
=810  1\$aUnited States.$b62d Cong., 2d sess.$bSenate.$tDoc. ;$v881.
=910  \\$arcp3211
=994  \\$a02$bUIU
=910  \\$aMARS
=955  \\$bark:/13960/t9v187w3d$qpanamacanalresto00bark
=852  8\$beresour-nc$hOnline Resource$t1
=856  41$3Full text - HathiTrust Digital Library$uhttps://hdl.handle.net/2027/uiuo.ark:/13960/t9v187w3d

