=LDR  01014nam a2200301Ia 4500
=001  4733949
=005  20040427111446.0
=008  900515s1913\\\\nyu\\\\\\\\\\\000\0\eng\\
=003  UIUdb
=010  \\$a   13008198 
=035  \\$a(OCoLC)ocm21541273
=040  \\$aDLC$cIUL$dIUL
=043  \\$anccz---
=050  0\$aTC774$b.T7
=049  \\$aUIUU
=100  1\$aTrumbull, Frank,$d1858-1920.
=245  14$aThe Panama Canal :$bsome impressions and comments /$cby Frank Trumbull.
=260  \\$a[New York :$bs.n.,$c1913]
=300  \\$a8 p. ;$c24 cm.
=500  \\$aCover title.
=500  \\$aPlace and date of publication from NUC pre-1956, cited below.
=510  4\$aNUC pre-1956$c603:77
=510  4\$aNYPL Hist. of the Americas cat.$c23:21666
=651  \0$aPanama Canal (Panama)$xMiscellanea.
=994  \\$aX0$bUIU
=955  \\$bark:/13960/t6c313x32$qpanamacanalsomei00trum
=852  8\$beresour-nc$hOnline Resource$t1
=856  41$3Full text - HathiTrust Digital Library$uhttps://hdl.handle.net/2027/uiuo.ark:/13960/t6c313x32

