=LDR  00964cam a2200289I  4500
=001  2856636
=005  20080307183541.0
=008  900530s1879\\\\nyu\\\\\\\\\\\000\0\eng\\
=003  UIUdb
=010  \\$a   06006173 
=035  \\$a(OCoLC)ocm05635482
=040  \\$aDLC$cCLE$dOCLCQ
=035  \\$9uc 04000426
=035  \\$9ASW-0640
=050  \\$aHG353$b.R5
=092  \\$a331.5$b785
=049  \\$aUIUU
=100  1\$aRichardson, H. W.$q(Hobart Wood),$d1831-1889.
=245  10$aPaper money: a collection of the principal historical facts bearing upon the current financial discussion.$cBy H. W. Richardson.
=260  \\$aNew York,$bD. Appleton and company,$c1879.
=300  \\$a59 p.$c18 cm.
=650  \0$aPaper money.
=699  \9$a332.5R394P
=994  \\$a92$bUIU
=955  \\$bark:/13960/t4bp69148$qpapermoneycollec00rich
=852  8\$beresour-nc$hOnline Resource$t1
=856  41$3Full text - HathiTrust Digital Library$uhttps://hdl.handle.net/2027/uiuo.ark:/13960/t4bp69148

