=LDR  00873cam a2200265M  4500
=001  2855686
=005  20170721144806.0
=008  900530s1846\\\\ie\\\\\\\\\\\\000\0\eng\d
=003  UIUdb
=035  \\$a(OCoLC)ocm81976875
=040  \\$aHVL$beng$cHLS$dOCLCO$dOCLCQ
=049  \\$aUIUU
=110  2\$aDublin Law Institute.
=245  10$aPapers of the Dublin Law Institute ...
=260  \\$aDublin,$bAlexander Thom,$c1846.
=300  \\$a8, 27, 55, 48 pages$c25 cm
=336  \\$atext$btxt$2rdacontent
=337  \\$aunmediated$bn$2rdamedia
=338  \\$avolume$bnc$2rdacarrier
=500  \\$aCover title.
=500  \\$aAt head of title: Part I.-II., Vol. I.
=994  \\$aC0$bUIU
=955  \\$bark:/13960/t7pp59r1s$qpapersofdublinla00dubl
=852  8\$beresour-nc$hOnline Resource$t1
=856  41$3Full text - HathiTrust Digital Library$uhttps://hdl.handle.net/2027/uiuo.ark:/13960/t7pp59r1s

