=LDR  00865cam a2200277Ia 4500
=001  2853430
=005  20030731224620.0
=008  900530s1884\\\\cl\\\\\\\\\\\\000\0\spa\d
=003  UIUdb
=035  \\$a(OCoLC)ocm08752026
=040  \\$aPTS$cPTS$dUIU
=035  \\$9ASV-7429
=035  \\$9UC 01019926
=090  \\$aBX1468$b.P29
=049  \\$aUIUU
=245  00$aPastoral colectiva sobre relaciones entre la Iglesia i el estado.
=260  \\$aSantiago de Chile :$bImprenta de El Correo,$c1884.
=300  \\$a90 p. ;$c25 cm.
=650  \0$aChurch and state$zChile.
=610  20$aCatholic Church$zChile.
=910  \\$arcp3211
=994  \\$a02$bUIU
=910  \\$aMARS
=955  \\$bark:/13960/t8dg2z90x$qpastoralcolectiv00unse_0
=852  8\$beresour-nc$hOnline Resource$t1
=856  41$3Full text - HathiTrust Digital Library$uhttps://hdl.handle.net/2027/uiuo.ark:/13960/t8dg2z90x

