=LDR  01253cam a2200313Ki 4500
=001  3211939
=005  20170715202804.0
=008  900530s1909\\\\wau\\\\\\\\\\\000\0\eng\d
=003  UIUdb
=035  \\$a(OCoLC)ocn993439302
=040  \\$aUIU$beng$erda$cUIU
=043  \\$an-us---
=092  \\$a363$bW27c
=049  \\$aUIUU
=245  00$aPatrons of husbandry, Washington State Grange.
=264  \3$aOlympia, Wash. :$bRecorder Press,$c1909.
=300  \\$a90 pages ;$c15 cm
=336  \\$atext$btxt$2rdacontent
=337  \\$aunmediated$bn$2rdamedia
=338  \\$avolume$bnc$2rdacarrier
=500  \\$aIncludes: the consitution and by-laws of National Grange, the constitution and by-lays of State Grange, suggested by-laws of subordinate and Pomona Granges, declaration of purposes, parliamentary rules, and constitution and by-laws of Washington Fire Relief Association.
=500  \\$aCover title.
=610  20$aNational Grange.
=610  27$aNational Grange.$2fast$0(OCoLC)fst00522179
=945  \\$aLBD data change$b07/14/2017
=994  \\$a92$bUIU
=955  \\$bark:/13960/t6zw7nv4r$qpatronsofhusband00unse
=852  8\$beresour-nc$hOnline Resource$t1
=856  41$3Full text - HathiTrust Digital Library$uhttps://hdl.handle.net/2027/uiuo.ark:/13960/t6zw7nv4r

