=LDR  00791nam a2200205 a 4500
=001  798034
=005  20020415161730.0
=008  840220q19001914gw\\\\\\\\\\\\00010\ger\d
=003  UIUdb
=035  \\$a(OCoLC)ocm10434617
=035  \\$9ADG-9522
=040  \\$aFDA$cFDA$dUIU
=100  10$aChamisso, Adelbert von,$d1781-1838.
=245  10$aPeter Schlemihls wundersame Geschichte /$cmitgeteilt von Adelbert von Chamisso.
=260  0\$aLeipzig :$bDruck und Verlag von P. Reclam jun.,$c[between 1900 and 1914]
=300  \\$a78 p. ;$c15 cm.
=500  \\$aIncludes some letters by author and other writers.
=955  \\$bark:/13960/t57d93g7s$qpeterschlemihlsw00cham_0
=852  8\$beresour-nc$hOnline Resource$t1
=856  41$3Full text - HathiTrust Digital Library$uhttps://hdl.handle.net/2027/uiuo.ark:/13960/t57d93g7s

