=LDR  01584cam a2200337Ia 4500
=001  2873663
=005  20030803060139.0
=008  900530s1906\\\\ilu\\\\\\\\\\\000\0\eng\d
=003  UIUdb
=035  \\$a(OCoLC)ocm40755557
=040  \\$aMEA$cMEA$dUIU
=035  \\$9ASX-7712
=035  \\$9UC 18075417
=092  \\$a614.1$bH758p, 1906
=049  \\$aUIUU
=100  1\$aHolt, Erastus Eugene,$d1849-
=245  10$aPhysical economics :$bcomprising a mathematical formula for the normal earning ability of the body by which, with the requisite data a person may be either rated, or his economic value may be ascertained, and thereby damages to his body from injury or disease, with an indemnity to be allowed therefor, may be determined in a manner equitable to all concerned /$cErastus Eugene Holt.
=260  \\$aChicago :$bPress of the American Medical Association,$c1906.
=300  \\$a29 p. ;$c22 cm.
=500  \\$a"Read in the section on ophthalmology of the American medical association, at the fifty-seventh annual session, June, 1906"--p. [1]
=500  \\$a"Reprinted from the Journal of the American medical association, July 21, 1906, vol. XLVII, p. 194-204."--Cover.
=500  \\$aAuthor in Williamson.
=650  \0$aMedical jurisprudence.
=650  \0$aDamages.
=650  \0$aAuthors, American$zMaine.
=910  \\$arcp2817
=994  \\$a02$bUIU
=910  \\$aMARS
=955  \\$bark:/13960/t20d15d5q$qphysicaleconomic00holt_0
=852  8\$beresour-nc$hOnline Resource$t1
=856  41$3Full text - HathiTrust Digital Library$uhttps://hdl.handle.net/2027/uiuo.ark:/13960/t20d15d5q

