=LDR  00964cam a2200313Ia 4500
=001  2859024
=005  20030805073519.0
=008  900530s1913\\\\gw\a\\\\\\\\\\000\0\ger\d
=003  UIUdb
=035  \\$a(OCoLC)ocm28855773
=040  \\$aSMI$cSMI$dUIU
=035  \\$9ASW-3034
=035  \\$9UC 05095285
=090  \\$aQC6$b.C67 1913
=049  \\$aUIUU
=100  1\$aCohn, Emil,$d1854-
=245  10$aPhysikalisches über Raum und Zeit /$cvon Emil Cohn.
=250  \\$a2. Aufl.
=260  \\$aLeipzig :$bB.G. Teubner,$c1913.
=300  \\$a24 p. :$bill. ;$c28 cm.
=490  0\$aNaturwissenschaftliche Vorträge und Schriften ;$vHeft 6
=650  \0$aSpace and time.
=650  \0$aRelativity (Physics)
=910  \\$arcp3902
=994  \\$a02$bUIU
=910  \\$aMARS
=955  \\$bark:/13960/t4pk6kz38$qphysikalischesub00cohn
=852  8\$beresour-nc$hOnline Resource$t1
=856  41$3Full text - HathiTrust Digital Library$uhttps://hdl.handle.net/2027/uiuo.ark:/13960/t4pk6kz38

