=LDR  01107cam a22003011i 4500
=001  6639049
=005  20111018091616.0
=008  850926s1889\\\\nyua\\\\\f\\\\000\0\eng\\
=003  UIUdb
=010  \\$a   17009892 
=035  \\$a(OCoLC)ocm12603247
=040  \\$aDLC$cEZT$dDLC
=029  1\$aAU@$b000027010802
=042  \\$apremarc
=050  00$aTK151$b.M9 1889
=049  \\$aUIUU
=100  1\$aMunro, John,$d1849-1930.
=245  12$aA pocket-book of electrical rules and tables :$bfor the use of electricians and engineers /$cby John Munro ... and Andrew Jamieson ...
=250  \\$a6th ed. rev. and enl.
=260  \\$aLondon :$bC. Griffin & Co. ;$aNew York :$bD. Van Nostrand Co.,$c1889.
=300  \\$axiv, 497 p. :$bill., tables ;$c8 x 13 cm.
=650  \0$aElectricity.
=650  \0$aElectrical engineering$vHandbooks, manuals, etc.
=700  1\$aJamieson, Andrew,$d1849-1912.
=994  \\$aC0$bUIU
=955  \\$bark:/13960/t7sn6d63s$qpocketbookofelec00munr
=852  8\$beresour-nc$hOnline Resource$t1
=856  41$3Full text - HathiTrust Digital Library$uhttps://hdl.handle.net/2027/uiuo.ark:/13960/t7sn6d63s

