=LDR  01307cam a2200361Ki 4500
=001  2339871
=005  20170721153600.0
=008  900530s1909\\\\nyu\\\\\\\\\\\000\0\ukrod
=003  UIUdb
=035  \\$a(OCoLC)ocn994242027
=040  \\$aUIU$beng$erda$cUIU
=043  \\$ae-un---$an-us---
=092  \\$a891.79$bL97Op
=049  \\$aUIUU
=100  1\$aLut͡syk, I. I͡A.$q(Ii͡eronim I͡A.),$eauthor.
=245  10$aPodoroz͠h Mykyty Khruni͡a po amerykanskoĭ zemly /$cI.I͡A. Lut͡syk.
=264  \1$aNʹi͡u-Iork :$bIzd. P. Iv. Seĭfert,$c1909.
=300  \\$a59 pages ;$c19 cm
=336  \\$atext$btxt$2rdacontent
=337  \\$aunmediated$bn$2rdamedia
=338  \\$avolume$bnc$2rdacarrier
=500  \\$aCover title.
=650  \0$aUkrainians$zUnited States$vPoetry.
=650  \0$aUkrainian Americans$vHumor.
=650  \7$aUkrainian Americans.$2fast$0(OCoLC)fst01160424
=650  \7$aUkrainians.$2fast$0(OCoLC)fst01160566
=651  \7$aUnited States.$2fast$0(OCoLC)fst01204155
=655  \7$aHumor.$2fast$0(OCoLC)fst01423696
=655  \7$aPoetry.$2fast$0(OCoLC)fst01423828
=994  \\$aC0$bUIU
=955  \\$bark:/13960/t26b3bt8j$qpodorozhmykytykh00luts
=852  8\$beresour-nc$hOnline Resource$t1
=856  41$3Full text - HathiTrust Digital Library$uhttps://hdl.handle.net/2027/uiuo.ark:/13960/t26b3bt8j

