=LDR  00951cam a2200301Li 4500
=001  2308968
=005  20030811042834.0
=008  900530s1867\\\\xxu\\\\\\\\\\\000\0\eng\d
=003  UIUdb
=010  \\$a   05039102 
=035  \\$a(OCoLC)ocm13627339
=040  \\$aDRB$cDRB$dUIU
=035  \\$9AQS-3145
=035  \\$9UC 12059528
=050  0\$aHE2791$b.B885 1867?
=049  \\$aUIUU
=100  1\$aWashburn, Emory,$d1800-1877.
=245  10$aPolicy and management of the Boston and Worcester Railroad :$bremarks /$cof Emory Washburn.
=260  \\$a[S.l. :$bs.n.,$c1867?]
=300  \\$a20 p. ;$c24 cm.
=500  \\$aCaption title.
=610  20$aBoston and Worcester Railroad Corporation.
=910  \\$arcp3256
=994  \\$a02$bUIU
=910  \\$aMARS
=955  \\$bark:/13960/t7jq7621f$qpolicymanagement00wash
=852  8\$beresour-nc$hOnline Resource$t1
=856  41$3Full text - HathiTrust Digital Library$uhttps://hdl.handle.net/2027/uiuo.ark:/13960/t7jq7621f

