=LDR  01067cam a2200253K  4500
=001  1807671
=005  20030731224719.0
=008  900530s1834\\\\enk\\\\\\\\\\\000\0\eng\d
=003  UIUdb
=035  \\$a(OCoLC)ocm40166356
=040  \\$aN6I$cN6I$dUIU
=035  \\$9AOG-6983
=035  \\$9UC 01019947
=049  \\$aUIUU
=245  00$aPolitical Christianty.$bState patronage and government support, in national establishments of religion, not only ineffective, ... but pernicious to the nation, and obstructive to ... scriptural religion: illustrated in the political, ecclesiastical, and educational statistics of Ireland.
=260  \\$aLondon :$bHamilton, Adams;$aLiverpool,$bD. Marples;$aDublin,$bW. Curry, Jun.,$c1834.
=300  \\$av, [3], 136 p.$c22 cm.
=500  \\$aDedication signed: Medicus. Exul.
=910  \\$arcp3211
=994  \\$a02$bUIU
=910  \\$aMARS
=955  \\$bark:/13960/t5z66r948$qpoliticalchristi00unse
=852  8\$beresour-nc$hOnline Resource$t1
=856  41$3Full text - HathiTrust Digital Library$uhttps://hdl.handle.net/2027/uiuo.ark:/13960/t5z66r948

