=LDR  01239nam a2200301Ia 4500
=001  5789526
=005  20090306092049.0
=008  090306s1921\\\\enkao\\\\\\\\\000\0\eng\d
=003  UIUdb
=035  \\$a(OCoLC)ocn312695254
=040  \\$aUIU$cUIU
=049  \\$aUIUU
=245  04$aThe port of Hull :$bofficial handbook of tides, rates and general information /$ccompiled and arranged by H. N. Appleby.
=246  14$aPort of Hull :$btides, rates and dock facilities 1921
=260  \\$aHull, Eng. :$bHull and Barnsley Railway Co.,$c[1921]
=300  \\$a147 p. :$bill., photos. ;$c23 cm.
=500  \\$aIncludes advertisements.
=500  \\$aIncludes index to advertisers.
=650  \0$aHarbors$zEngland$zHull$vHandbooks, manuals, etc.
=650  \0$aHarbors$zEngland$zHumber, River$vHandbooks, manuals, etc.
=650  \0$aShipping$zEngland$zHull, River$vHandbooks, manuals, etc.
=650  \0$aDocks$zEngland$zHull$vHandbooks, manuals, etc.
=651  \0$aHull (England)$xCommerce.
=700  1\$aAppleby, H. N.$ecomp.
=994  \\$aC0$bUIU
=955  \\$bark:/13960/t2s52w054$qportofhulloffici00appl
=852  8\$beresour-nc$hOnline Resource$t1
=856  41$3Full text - HathiTrust Digital Library$uhttps://hdl.handle.net/2027/uiuo.ark:/13960/t2s52w054

