=LDR  01068cam a22002651  4500
=001  2372244
=005  20071204224109.0
=008  900530s1919\\\\cau\\\\\\\\\\\\\\\\\eng\u
=003  UIUdb
=010  \\$a   19027238 
=035  \\$a(OCoLC)ocm57446728
=035  \\$9AQY-6945
=035  \\$9UC 08080482
=035  \\$a(UtOrBLW)bslw00210307
=040  \\$aUtOrBLW$cUtOrBLW
=100  1\$aMcArthur, Robert L.
=245  10$aPrayers /$cdelivered before the members of the forty-third Assembly of the California Legislature, by Rev. Robert L. McArthur, S.T.B., pastor First Methodist Episcopal Church, Woodland, California ; printed at the request of the assemblymen.
=260  \\$a[Sacramento] :$bCalifornia State Print. Office,$c[1919]
=300  \\$a63 p. :$bport. ;$c14 cm.
=650  \0$aPrayers.
=911  \\$a264.1 M11P$1m$2AQY-6945$3UC 08080482$43/31/2004 9:45:52
=910  \\$aMARS
=955  \\$bark:/13960/t2g79kx0n$qprayers00mcar
=852  8\$beresour-nc$hOnline Resource$t1
=856  41$3Full text - HathiTrust Digital Library$uhttps://hdl.handle.net/2027/uiuo.ark:/13960/t2g79kx0n

