=LDR  00797cam a2200253Mi 4500
=001  2381718
=005  20030805131055.0
=008  900530s1916\\\\ru\\\\\\\\\\\\000\0\rus\d
=003  UIUdb
=035  \\$a(OCoLC)ocm48739136
=040  \\$aZXW$bger$cZXW$dUIU
=035  \\$9AQZ-6437
=035  \\$9UC 17047938
=049  \\$aUIUU
=100  1\$aRumša, K. Ju.
=245  10$aPrebyvanie v germanskom plěnu i gerojskij poběg iz plěna /$cK. Ju. Rumša.
=260  \\$aPetrograd :$bSkobelevskago Komiteta,$c1916.
=300  \\$a105 S :$bIll.
=910  \\$arcp3024
=994  \\$a02$bUIU
=910  \\$aMARS
=955  \\$bark:/13960/t25b69w9b$qprebyvanievgerma00rums
=852  8\$beresour-nc$hOnline Resource$t1
=856  41$3Full text - HathiTrust Digital Library$uhttps://hdl.handle.net/2027/uiuo.ark:/13960/t25b69w9b

