=LDR  01304cam a2200337Ia 4500
=001  2368024
=005  20110209230607.0
=008  900530r191u1914xx\bf\\\\b\\\\000\0\eng\d
=003  UIUdb
=035  \\$a(OCoLC)ocm38908252
=040  \\$aIXA$cIXA$dUIU
=035  \\$9AQY-2723
=035  \\$9UC 06028561
=090  \\$aQE653$b.B395 1910z
=049  \\$aUIUU
=100  1\$aBayley, William Shirley,$d1861-1943.
=245  14$aThe Pre-cambrian sedimentary rocks in the highlands of New Jersey /$cby W.S. Bayley.
=246  30$aSedimentary rocks in the highlands of New Jersey
=260  \\$a[S.l. :$bs.n.,$c191-]
=300  \\$ap. 325-334, [1] folded leaf of plates :$b2 maps ;$c26 cm.
=500  \\$a"Etude faite à la XIIe session du Congrès géologique international, reproduite du Compte-Rendu [published 1914]."
=504  \\$aIncludes bibliographical references.
=650  \0$aGeology, Stratigraphic$yPrecambrian.
=650  \0$aSedimentary rocks$zNew Jersey.
=711  2\$aInternational Geological Congress$n(12th :$d1913 :$cToronto)
=910  \\$arcp3596
=994  \\$a02$bUIU
=910  \\$aMARS
=955  \\$bark:/13960/t9w158r17$qprecambriansedim00bayl
=852  8\$beresour-nc$hOnline Resource$t1
=856  41$3Full text - HathiTrust Digital Library$uhttps://hdl.handle.net/2027/uiuo.ark:/13960/t9w158r17

