=LDR  00985cam a2200301Ia 4500
=001  2375899
=005  20030807120220.0
=008  900530s1886\\\\nyu\\\\\\\\\\\000\0\eng\d
=003  UIUdb
=035  \\$a(OCoLC)ocm21002162
=040  \\$aWIH$cWIH$dUIU
=035  \\$9AQZ-0607
=035  \\$9UC 11090119
=043  \\$an-us---
=049  \\$aUIUU
=100  1\$aNewton, R. Heber$q(Richard Heber),$d1840-1914.
=245  14$aThe present aspect of the labor problem /$cby R. Heber Newton.
=260  \\$aNew York :$bThe Day Star,$c1886.
=300  \\$a63 p. ;$c20 cm.
=500  \\$a"Four lectures given in All Souls Church, New York, May, 1886."
=650  \0$aWorking class$zUnited States.
=650  \0$aCapital$zUnited States.
=910  \\$arcp3596
=994  \\$a02$bUIU
=910  \\$aMARS
=955  \\$bark:/13960/t2t49x144$qpresentaspectofl00newt
=852  8\$beresour-nc$hOnline Resource$t1
=856  41$3Full text - HathiTrust Digital Library$uhttps://hdl.handle.net/2027/uiuo.ark:/13960/t2t49x144

