=LDR  01036cam a2200301Ia 4500
=001  2366143
=005  20030810114503.0
=008  900530s1907\\\\ilu\\\\\\\\\\\000\0\eng\d
=003  UIUdb
=035  \\$a(OCoLC)ocm17307466
=040  \\$aLRU$cLRU$dLHC$dOCLCQ$dUIU
=035  \\$9AQY-0840
=035  \\$9UC 04081715
=090  \\$aTC425.M6$bT3 1907
=049  \\$aUIUU
=100  1\$aTaylor, Robert S.$q(Robert Stewart),$d1838-1918.
=245  14$aThe present aspect of the Mississippi River problem /$cby Robert S. Taylor of the Mississippi River Commission.
=260  \\$aChicago :$bEdward Keogh Printing Co.,$c[1907?]
=300  \\$a15 p. ;$c24 cm.
=500  \\$aCover title.
=651  \0$aMississippi River$xNavigation.
=650  \0$aRiver engineering$zMississippi River.
=910  \\$arcp0400
=994  \\$a02$bUIU
=910  \\$aMARS
=955  \\$bark:/13960/t7zm1jq9c$qpresentaspectofm00tayl
=852  8\$beresour-nc$hOnline Resource$t1
=856  41$3Full text - HathiTrust Digital Library$uhttps://hdl.handle.net/2027/uiuo.ark:/13960/t7zm1jq9c

