=LDR  01030cam a2200289I  4500
=001  2377232
=005  20030721094440.0
=008  900530s1911\\\\ilu\\\\\\\\\\\000\0\eng\\
=003  UIUdb
=010  \\$a   11022140 
=035  \\$a(OCoLC)ocm06176340
=040  \\$aDLC$cVIC$dOCLCQ$dUIU
=035  \\$9AQZ-1943
=035  \\$9UC 12096606
=050  \\$aHE1762.U6$bR5
=049  \\$aUIUU
=100  1\$aRichards, Ralph Coffin,$d1855-
=245  10$aPrevention of accidents;$caddress of Ralph C. Richards delivered at the annual convention of the Association of Railway Claim Agents, Montreal, Canada, May 24th to 26th, 1911.
=260  \\$a[Chicago?,$c1911]
=300  \\$a23 p. incl. tables, forms.$bfold. tables.$c23 cm.
=650  \0$aRailroads$zUnited States$xAccidents.
=910  \\$arcp6088
=994  \\$a02$bUIU
=910  \\$aMARS
=955  \\$bark:/13960/t0zq07s98$qpreventionofacci00rich
=852  8\$beresour-nc$hOnline Resource$t1
=856  41$3Full text - HathiTrust Digital Library$uhttps://hdl.handle.net/2027/uiuo.ark:/13960/t0zq07s98

