=LDR  01116cam a2200289I  4500
=001  2337381
=005  20030804045742.0
=008  900530s1917\\\\dcu\\\\\\\\\\f000\0\eng\c
=003  UIUdb
=010  \\$awar17000177 
=035  \\$a(OCoLC)ocm34829517
=040  \\$aLibrary, War College Div. General Staff$cMUU$dUIU
=035  \\$9AQV-1697
=035  \\$9UC 10036589
=049  \\$aUIUU
=110  1\$aUnited States.$bArmy.$bOrdnance Dept.
=245  10$aPrice list of mobile artillery material common to two or more calibers or classes of mobile guns, such as tools, fuze setters, pack equipment targets, harness, range-finding material, etc. Jan. 21, 1915. Rev. June 26, 1917.
=260  \\$aWashington :$bGovt. print. off.,$c1917.
=300  \\$a27 p.$c23 cm.
=500  \\$aForm no. 1904.
=610  10$aUnited States.$bArmy$xOrdnance and ordnance stores.
=910  \\$arcp3182
=994  \\$a02$bUIU
=910  \\$aMARS
=955  \\$bark:/13960/t52g3xv61$qpricelistofmobil00unit
=852  8\$beresour-nc$hOnline Resource$t1
=856  41$3Full text - HathiTrust Digital Library$uhttps://hdl.handle.net/2027/uiuo.ark:/13960/t52g3xv61

