=LDR  01038cam a2200289M  4500
=001  2309407
=005  20080205074205.0
=008  900530s1893\\\\ilu\\\\\\\\\\\000\0\eng\d
=003  UIUdb
=010  \\$anuc87578916 
=035  \\$a(OCoLC)ocm30303756
=040  \\$aZCL$cZCL
=035  \\$9AQS-3585
=035  \\$9UC 12096000
=043  \\$an-us---
=050  10$aHE2757 1893$b.K6
=049  \\$aUIUU
=100  1\$aKnapp, Martin Augustine,$d1843-1923.
=245  10$aPrinciples of railway legislation.$cBy Hon. Martin A. Knapp ... Address before the Railway Congress Auxiliary of the World's Columbian Exposition, June 23, 1893. Reprinted from the Railway review.
=260  \\$aChicago,$bThe Railway Review,$c1893.
=300  \\$a16 p.$c19 cm.
=500  \\$aCover-title.
=650  \0$aRailroads and state$zUnited States.
=994  \\$a92$bUIU
=955  \\$bark:/13960/t53g0zr2b$qprinciplesofrail00knap
=852  8\$beresour-nc$hOnline Resource$t1
=856  41$3Full text - HathiTrust Digital Library$uhttps://hdl.handle.net/2027/uiuo.ark:/13960/t53g0zr2b

