=LDR  00958cam a2200253Ma 4500
=001  2742836
=005  20150107140248.0
=008  900530s1845\\\\enkaf\\\\\\\\\001\0\eng\d
=003  UIUdb
=035  \\$a(OCoLC)ocm43293368
=040  \\$aPUL$beng$cPUL$dOCLCQ
=049  \\$aUIUU
=100  1\$aBourns, Charles.
=245  14$aThe principles and practice of surveying :$bland and engineering, trigonometrical, subterraneous and marine : with an appendix /$cby Charles Bourns ...
=250  \\$a2nd ed.
=260  \\$aLondon :$bJohn Ollivier ...,$c1845.
=300  \\$axi, 356 pages, 9 folded leaves of plates :$billustrations ;$c23 cm
=336  \\$atext$btxt$2rdacontent
=337  \\$aunmediated$bn$2rdamedia
=338  \\$avolume$bnc$2rdacarrier
=994  \\$aC0$bUIU
=955  \\$bark:/13960/t8x98dq2v$qprinciplespracti00bour
=852  8\$beresour-nc$hOnline Resource$t1
=856  41$3Full text - HathiTrust Digital Library$uhttps://hdl.handle.net/2027/uiuo.ark:/13960/t8x98dq2v

