=LDR  00895cam a2200289M  4500
=001  2361346
=005  20030802201352.0
=008  900530s1913\\\\wiu\\\\\\\\\\s000\0\eng\d
=003  UIUdb
=035  \\$a(OCoLC)ocm41680091
=040  \\$aWaS$cUOK$dUIU
=035  \\$9AQX-6031
=035  \\$9UC 01043679
=043  \\$an-us---
=049  \\$aUIUU
=100  1\$aCoulter, John Lee,$d1881-1959.
=245  14$aThe problem of rural credit or farm finance in the U.S.
=260  \\$a[Madison],$c1913.
=300  \\$a39 p.
=490  0\$aWisconsin. State Board of Agriculture. Bulletin,$vno. 1
=650  \0$aAgricultural credit$zUnited States.
=910  \\$arcp3902
=994  \\$a02$bUIU
=910  \\$aMARS
=955  \\$bark:/13960/t7bs50p0m$qproblemofruralcr00coul
=852  8\$beresour-nc$hOnline Resource$t1
=856  41$3Full text - HathiTrust Digital Library$uhttps://hdl.handle.net/2027/uiuo.ark:/13960/t7bs50p0m

