=LDR  01090cam a2200301u  4500
=001  1881017
=005  20071111233157.0
=008  900530s1860\\\\nyu\\\\\\\\\\\000\0\eng\d
=003  UIUdb
=010  \\$aca 07004299 
=035  \\$a(OCoLC)ocm08643124
=035  \\$9AOX-8463
=035  \\$9UC 12059395
=035  \\$alss03489421
=040  \\$dUPRA$dUPRA
=050  04$aHE2717$b.A8 1860X
=110  2\$aAtlantic Trunk Lines.
=245  10$aProceedings of an adjourned meeting of the presidents of the five Atlantic Trunk Lines :$bheld at the Saint Nicholas Hotel, New York, Friday, September 14th, 1860.
=260  \\$aAlbany :$bWeed, Parsons and Co.,$c1860.
=300  \\$a18 p. ;$c23 cm.
=650  \0$aRailroads$xFreight$xRates$zUnited States.
=911  \\$1m$2AOX-8463$3UC 12059395$46/10/2004 13:28:27$a385.4 AT68
=913  \\$137377
=987  \\$amissing$bmatch points
=910  \\$aMARS
=955  \\$bark:/13960/t4wh8sj8q$qproceedingsofadj00atla_0
=852  8\$beresour-nc$hOnline Resource$t1
=856  41$3Full text - HathiTrust Digital Library$uhttps://hdl.handle.net/2027/uiuo.ark:/13960/t4wh8sj8q

