=LDR  01168cam a2200337Ia 4500
=001  3056612
=005  20030802193622.0
=008  900530s1870\\\\mau\\\\\\\\\\l000\0\eng\\
=003  UIUdb
=010  \\$a   06011635 
=035  \\$a(OCoLC)ocm12027690
=040  \\$aDLC$cVTU$dVTU$dWIH$dUIU
=035  \\$9ATS-2500
=035  \\$9UC 13000192
=043  \\$an-us-wi$an-usn--
=050  0\$aTC623.4$b.B6
=049  \\$aUIUU
=110  2\$aBoston Board of Trade.
=245  10$aProceedings of the Board of Trade of the city of Boston :$brelative to a canal from the Lakes to the Mississippi, and the Caughnawaga Ship Canal from the St. Lawrence to Lake Champlain, May 20, 1870.
=260  \\$aBoston :$bWright & Potter, Printers,$c1870.
=300  \\$a36 p. ;$c23 cm.
=651  \0$aCaughnawaga Canal.
=650  \0$aCanals$zNew England.
=650  \0$aCanals$zWisconsin.
=651  \0$aSaint Lawrence Seaway.
=910  \\$arcp3211
=994  \\$a02$bUIU
=910  \\$aMARS
=955  \\$bark:/13960/t9x129s94$qproceedingsofboa00bost_1
=852  8\$beresour-nc$hOnline Resource$t1
=856  41$3Full text - HathiTrust Digital Library$uhttps://hdl.handle.net/2027/uiuo.ark:/13960/t9x129s94

