=LDR  01296cam a2200325Ma 4500
=001  2956815
=005  20170721145003.0
=008  900530s1907\\\\nyuaf\\\\\\\\\100\0\eng\d
=003  UIUdb
=010  \\$a   83000269 
=035  \\$a(OCoLC)ocn173669016
=040  \\$aPLL$beng$cPLL$dOCLCF$dOCLCO$dOCLCQ$dOCLCO$dOCL$dOCLCO
=043  \\$an-us---
=049  \\$aUIUU
=111  2\$aAmerican Peace Congress$n(1st :$d1907 :$cNew York, N.Y.)
=245  10$aProceedings of the National Arbitration and Peace Congress :$bNew York, April 14th to 17th, 1907 /$cedited by the secretary.
=260  \\$aNew York :$b[The Congress?],$c1907.
=300  \\$a478 pages, [23] leaves of plates :$billustrations, portraits ;$c26 cm
=336  \\$atext$btxt$2rdacontent
=337  \\$aunmediated$bn$2rdamedia
=338  \\$avolume$bnc$2rdacarrier
=500  \\$aEditor of this volume: Robert Erskine Ely.
=650  \0$aPeace$vCongresses.
=650  \7$aPeace.$2fast$0(OCoLC)fst01055758
=655  \7$aConference papers and proceedings.$2fast$0(OCoLC)fst01423772
=700  1\$aEly, Robert Erskine.
=994  \\$aC0$bUIU
=955  \\$bark:/13960/t2d85j334$qproceedingsofnat00amer_0
=852  8\$beresour-nc$hOnline Resource$t1
=856  41$3Full text - HathiTrust Digital Library$uhttps://hdl.handle.net/2027/uiuo.ark:/13960/t2d85j334

