=LDR  00916cam a22002651  4500
=001  1889296
=005  20071202213115.0
=008  900530s1835\\\\pau\\\\\\\\\\\00|\|\eng\\
=003  UIUdb
=035  \\$a(OCoLC)ocm77190902
=035  \\$9AOY-9724
=035  \\$9UC 04080510
=035  \\$a(CStRLIN)PAAG31806325-B
=040  \\$aPPAmP$cPPAmP$dUtOrBLW
=110  1\$aPhiladelphia (Pa.).$bCouncils.
=245  10$aProceedings of the Special committee appointed to report upon the subject of the Western canal.
=260  \\$a[Philadelphia,$c1835]
=300  \\$a21 p. :$bmap ;$coctavo.
=500  \\$aSignature: Ch. B. Trego, Esq.
=510  3\$aSabin: 62091
=650  \0$aCanals$zPennsylvania.
=651  \0$aSchuylkill canal.
=955  \\$bark:/13960/t7np88v40$qproceedingsofspe00phil_1
=852  8\$beresour-nc$hOnline Resource$t1
=856  41$3Full text - HathiTrust Digital Library$uhttps://hdl.handle.net/2027/uiuo.ark:/13960/t7np88v40

