=LDR  00912cam a2200253Ia 4500
=001  6211904
=005  20100518084355.0
=008  100518s1917\\\\txu\\\\\\\\\\s000\0deng\d
=003  UIUdb
=035  \\$a(OCoLC)ocn617692334
=040  \\$aUIU$cUIU$dUIU
=092  \\$a353.9$bT315s
=049  \\$aUIUU
=110  1\$aTexas.$bLegislature.$bSenate.
=245  10$a[Proceedings relative to the impeachment of Governor Ferguson].
=260  \\$aAustin :$b[s.n.] ,$c1917.
=300  \\$ap. [853]-922 ;$c24 cm.
=440  \0$aSenate journal.$nThirty-fifth legislature,$pThird called session
=600  10$aFerguson, James Edward,$d1871-1944$xImpeachment.
=610  10$aTexas$bGovernor (1914-1917 : Ferguson)
=994  \\$aC0$bUIU
=955  \\$bark:/13960/t6063rz66$qproceedingsrelat00texa
=852  8\$beresour-nc$hOnline Resource$t1
=856  41$3Full text - HathiTrust Digital Library$uhttps://hdl.handle.net/2027/uiuo.ark:/13960/t6063rz66

