=LDR  01023cam a2200301Ia 4500
=001  2363920
=005  20030802175511.0
=008  900530s1914\\\\dcu\\\\\\\\\\f000\0\eng\d
=003  UIUdb
=035  \\$a(OCoLC)ocm08610057
=040  \\$aSOI$cSOI$dUIU
=035  \\$9AQX-8611
=035  \\$9UC 03045169
=043  \\$an-us---
=092  \\$a370.70973$bJ72p, 1914
=049  \\$aUIUU
=100  1\$aJohnston, Charles Hughes.
=245  10$aProgress of teacher training /$cby Charles Hughes Johnston.
=260  \\$aWashington, D.C. :$bGovernment Printing Office,$c1914.
=300  \\$a499-551 p. ;$c24 cm.
=500  \\$a"Reprint from the Report of the Commissioner of Education for the year ended June 30, 1913."
=650  \0$aTeachers$xTraining of$zUnited States.
=910  \\$arcp2110
=994  \\$a02$bUIU
=910  \\$aMARS
=955  \\$bark:/13960/t36177w9c$qprogressofteache00john
=852  8\$beresour-nc$hOnline Resource$t1
=856  41$3Full text - HathiTrust Digital Library$uhttps://hdl.handle.net/2027/uiuo.ark:/13960/t36177w9c

