=LDR  01290cam a2200313ua 4500
=001  3140197
=005  20080123225547.0
=008  900530s1901\\\\ohu\\\\\\\\\\\000\0\eng\d
=003  UIUdb
=035  \\$a(OCoLC)ocm33812788
=035  \\$9AUC-1946
=035  \\$9UC 12097252
=035  \\$a(CStRLIN)NYPGR33812788-B
=040  \\$a*CHT*$c*CHT*$dNN$dCStRLIN
=043  \\$an-us-oh
=100  1\$aMooney, James E.
=245  10$aProtest of James E. Mooney, a taxpayer, :$bagainst acceptance of proposition of lessee company under date of February 28th, 1901 for sixty years; against extension of lease; and against the Morrison resolution.
=260  \\$a[cincinnati :$bs.n.,$c1901]
=300  \\$a9 p. ;$c23 cm.
=490  0\$aCincinnati Southern Railway
=500  \\$aAt head of title: Cincinnati Southern Railway.
=500  \\$aLetter of protest to the trustees of the Cincinnati Southern Railway dated April 16, 1901.
=500  \\$aCover-title.
=610  20$aCincinnati Southern Railway Company.
=650  \0$aRailroads$zOhio$zCincinnati.
=650  \0$aRailroads and state$zOhio$zCincinnati.
=955  \\$bark:/13960/t20d15k8d$qprotestofjamesem00moon
=852  8\$beresour-nc$hOnline Resource$t1
=856  41$3Full text - HathiTrust Digital Library$uhttps://hdl.handle.net/2027/uiuo.ark:/13960/t20d15k8d

