=LDR  00778nam a2200205   4500
=001  3197344
=005  20020415164945.0
=008  910627s1911\\\\ck\\\\\\\\\\\\00000\spa\\
=003  UIUdb
=035  \\$a(OCoLC)ocm24000346
=035  \\$9AUM-8761
=040  \\$aDLC$cRQR
=110  10$aColombia.
=245  00$aProyecto de codigo fiscal, presentado al gobierno por la Comisión de abogados auxiliares de los ministerios.
=260  0\$aBogota,$bImpr. de "La Luz,"$c1911.
=300  \\$acx p., 1 l., 106 p.$c24 cm.
=710  10$aColombia.$bComisión de Abogados Auxiliares de los Ministerios.
=955  \\$bark:/13960/t38119q99$qproyectodecodigo00colo
=852  8\$beresour-nc$hOnline Resource$t1
=856  41$3Full text - HathiTrust Digital Library$uhttps://hdl.handle.net/2027/uiuo.ark:/13960/t38119q99

