=LDR  00953cam a22003011  4500
=001  2435901
=005  20071204230310.0
=008  900530s1915\\\\fr\\\\\\\\\\\\\\\\\\fre\u
=003  UIUdb
=035  \\$a(OCoLC)ocm77231295
=035  \\$9ARF-2344
=035  \\$9UC 00010779
=035  \\$auil00049520
=040  \\$dUtOrBLW
=100  1\$aChavigny, Paul Marie Victor,$d1869-
=245  10$aPsychiatrie et médecine légale aux armées.
=260  \\$a[Paris,$c1915]
=300  \\$ap. 184-189 ;$ccm.
=500  \\$a"From Paris médical, 17 juillet 1915."
=500  \\$aCaption title.
=650  \0$aPsychiatry, Military.
=650  \0$aInsanity.
=911  \\$1m$2ARF-2344$3UC 00010779$46/29/2004 16:36:52$a132.1 C39P
=913  \\$14741
=910  \\$aMARS
=955  \\$bark:/13960/t5dc47q2g$qpsychiatrieetmed00chav
=852  8\$beresour-nc$hOnline Resource$t1
=856  41$3Full text - HathiTrust Digital Library$uhttps://hdl.handle.net/2027/uiuo.ark:/13960/t5dc47q2g

