=LDR  01144cam a22002771  4500
=001  2404733
=005  20071204225604.0
=008  900530s1845\\\\fr\\\\\\\\\\\\\\\\\\fre\u
=003  UIUdb
=035  \\$a(OCoLC)ocm77230159
=035  \\$9ARB-9611
=035  \\$9UC 12096846
=035  \\$a(UtOrBLW)bslw00905733
=040  \\$aUtOrBLW$cUtOrBLW
=100  1\$aBartholony, François,$d1796-1881.
=245  10$aQuatrième lettre a un député, ou, Examen consciencieux de quelques questions soulevées par l'execution des chemins de fer en France, suivi de notes et documents, dont l'un est relatif a la réduction de la dette publique, l'autre a l'affermage des canaux de l'état.
=260  \\$aParis,$c1845.
=300  \\$a44 p. :$bill. ;$ccm.
=650  \0$aRailroads$zFrance$xFinance.
=650  \0$aRailroads$xEarly works to 1850.
=911  \\$1m$2ARB-9611$3UC 12096846$46/14/2004 17:49:52$a385.23 B28Q
=913  \\$125585
=910  \\$aMARS
=955  \\$bark:/13960/t83j9p765$qquatriemelettreu00bart
=852  8\$beresour-nc$hOnline Resource$t1
=856  41$3Full text - HathiTrust Digital Library$uhttps://hdl.handle.net/2027/uiuo.ark:/13960/t83j9p765

