=LDR  01265cam a2200277M  4500
=001  2003410
=005  20170715201614.0
=008  900530m19079999it\\\\\\\\\\\\000\0\ita\d
=003  UIUdb
=035  \\$a(OCoLC)ocm49930503
=040  \\$aZCU$beng$cZCU$dOCLCF$dOCLCO$dOCLCQ
=049  \\$aUIUU
=245  00$aQuestioni del giorno.
=260  \\$aFirenze,$c1907.
=300  \\$avolumes
=336  \\$atext$btxt$2rdacontent
=337  \\$aunmediated$bn$2rdamedia
=338  \\$avolume$bnc$2rdacarrier
=505  0\$a1. Galbiati, Benedetto. Il riposo festivo e la legislazione sociale italiana.--2. fornari, Giuseppe. Un'opera di educazione popolare.--3. Rosselli, Giuseppe. Il "volksverein" ossia l'unione popolare della Germania cattolica--4. Pisani, Pietro. L'emigrazione, avvertimenti e consigli agli emigranti.--5. Villa, Cherubino. L'alcoolismo, ecco il nemico.-- 7. Novelli, D.A. La lotta scolastica nel Belgio.
=650  \0$aSocial problems.
=650  \7$aSocial problems.$2fast$0(OCoLC)fst01122778
=945  \\$aLBD data change$b07/14/2017
=994  \\$a92$bUIU
=955  \\$bark:/13960/t9577n11p$qquestionidelgior04unse$vv.4
=852  8\$beresour-nc$hOnline Resource$t1
=856  41$3Full text - HathiTrust Digital Library$uhttps://hdl.handle.net/2027/uiuo.ark:/13960/t9577n11p

