=LDR  01029cam a2200289Ii 4500
=001  7319992
=005  20130925200334.0
=008  911031s1921\\\\maua\\\\\\\\\\000\0\eng\d
=003  UIUdb
=035  \\$a(OCoLC)ocm81736630
=040  \\$aNNC-T$beng$cVVT$erda$dUIU
=043  \\$an-us-ma
=049  \\$aUIUU
=100  1\$aBriggs, Le Baron Russell,$d1855-1934.
=245  10$aRadcliffe College :$ba brief description /$cby President Le Baron R. Briggs.
=264  \1$a[Cambridge, Mass.] :$b[Radcliffe College],$c[1921?]
=300  \\$a16 pages :$billustrations ;$c23 cm
=336  \\$atext$btxt$2rdacontent
=337  \\$aunmediated$bn$2rdamedia
=338  \\$avolume$bnc$2rdacarrier
=500  \\$aPages numbered in words.
=610  20$aRadcliffe College.
=650  \0$aWomen's colleges$zMassachusetts$zCambridge.
=994  \\$a02$bUIU
=955  \\$bark:/13960/t5q87hs8g$qradcliffecollege00brig
=852  8\$beresour-nc$hOnline Resource$t1
=856  41$3Full text - HathiTrust Digital Library$uhttps://hdl.handle.net/2027/uiuo.ark:/13960/t5q87hs8g

