=LDR  01063cam a2200313Ia 4500
=001  2388934
=005  20030804091121.0
=008  900530s1905\\\\dcu\\\\\\\\\\\000\0\eng\d
=003  UIUdb
=035  \\$a(OCoLC)ocm44185696
=040  \\$aNDL$cNDL$dHND$dUIU
=019  \\$a50245925
=035  \\$9ARA-3741
=035  \\$9UC 12096976
=043  \\$an-us---
=092  \\$a385.264$bM1223r
=049  \\$aUIUU
=100  1\$aMcCall, Samuel W.$q(Samuel Walker),$d1851-1923.
=245  10$aRailroad-rate bill :$bspeech of Hon. Samuel W. McCall, of Massachusetts, in the House of Representatives, February 7, 1905.
=260  \\$aWashington :$b[s.n.],$c1905.
=300  \\$a16 p. ;$c24 cm.
=650  \0$aRailroad law$zUnited States.
=650  \0$aRailroads$xFreight$xRates$xLaw and legislation$zUnited States.
=910  \\$arcp3254
=994  \\$a02$bUIU
=910  \\$aMARS
=955  \\$bark:/13960/t6p04cq5j$qrailroadratebill00mcca
=852  8\$beresour-nc$hOnline Resource$t1
=856  41$3Full text - HathiTrust Digital Library$uhttps://hdl.handle.net/2027/uiuo.ark:/13960/t6p04cq5j

