=LDR  01052cam a22002771  4500
=001  2388992
=005  20071204225054.0
=008  900530s1921\\\\ilu\\\\\\\\\\\\\\\\\eng\u
=003  UIUdb
=035  \\$a(OCoLC)ocm70701372
=035  \\$9ARA-3799
=035  \\$9UC 12099505
=035  \\$auil00057842
=040  \\$dUtOrBLW
=110  2\$aFederal Securities Corporation.
=245  10$aRailroads from the investors view point :$ban outline of the history of the railroads up to the present time, and of facts to be considered in purchasing railroad investments.
=260  \\$aChicago, Ill. :$bFederal Securities Corp.,$c[c1921]
=300  \\$a63 p. :$bill. ;$ccm.
=650  \0$aRailroads$zUnited States$xHistory.
=650  \0$aRailroad securities.
=911  \\$1m$2ARA-3799$3UC 12099505$47/7/2004 9:52:21$a385.73 F31R
=913  \\$112956
=910  \\$aMARS
=955  \\$bark:/13960/t05x8j48z$qrailroadsfrominv00fede
=852  8\$beresour-nc$hOnline Resource$t1
=856  41$3Full text - HathiTrust Digital Library$uhttps://hdl.handle.net/2027/uiuo.ark:/13960/t05x8j48z

