=LDR  00934cam a2200277u  4500
=001  2356346
=005  20071204223233.0
=008  900530s1911\\\\meua\\\\\\\\\\000\0\eng\d
=003  UIUdb
=035  \\$a(OCoLC)ocm77226625
=035  \\$9AQX-0812
=035  \\$9UC 17035623
=035  \\$a(CStRLIN)NYPGR44637442-B
=040  \\$dUtOrBLW
=110  1\$aMaine.$bBureau of Taxation.
=245  10$aRailroad valuation:$breport of state assessors to the 75th Legislature of Maine, 1911.
=260  \\$a[Augusta, Me.,$c1911]
=300  \\$a20 p. incl. tables. ;$c8vo.
=500  \\$aCover-title.
=650  \0$aRailways$xValuation$zMaine.
=911  \\$1m$2AQX-0812$3UC 17035623$47/12/2004 16:46:13$a385 M282R
=913  \\$114277
=910  \\$aMARS
=955  \\$bark:/13960/t0cw0qm5b$qrailroadvaluatio00main
=852  8\$beresour-nc$hOnline Resource$t1
=856  41$3Full text - HathiTrust Digital Library$uhttps://hdl.handle.net/2027/uiuo.ark:/13960/t0cw0qm5b

