=LDR  00968cam a2200253 a 4500
=001  2388680
=005  20071204225042.0
=008  900530s1872\\\\enkb\\\\\\\\\\000\0\eng\d
=003  UIUdb
=035  \\$a(OCoLC)ocm77229310
=035  \\$9ARA-3486
=035  \\$9UC 12058817
=035  \\$a(CStRLIN)OHLG25797798-B
=037  \\$aCIC2 SN00541.13 NUS$bIEN
=040  \\$aIEN-Tr$cIEN-Tr$dOCoLC$dOCLCQ
=100  1\$aHaughton, B.
=245  10$aRailway amalgamation :$ba paper read before the Civil and Mechanical Engineers' Society, March 15th, 1872, at no. 7, Westminster Chambers /$cby B. Haughton.
=260  \\$aLondon :$bFredc. C. Mathieson,$c1872.
=300  \\$a26 p. :$b1 colored and folded map ;$c20 cm.
=650  \0$aRailroads$xMergers.
=987  \\$amissing$bmatch points
=955  \\$bark:/13960/t25b6b51g$qrailwayamalgamat00haug
=852  8\$beresour-nc$hOnline Resource$t1
=856  41$3Full text - HathiTrust Digital Library$uhttps://hdl.handle.net/2027/uiuo.ark:/13960/t25b6b51g

