=LDR  00854cam a2200301Ia 4500
=001  1825168
=005  20030804091445.0
=008  900530s1872\\\\alu\\\\\\\\\\\000\0\eng\d
=003  UIUdb
=035  \\$a(OCoLC)ocm47256303
=040  \\$aODH$cODH$dUIU
=035  \\$9AOI-4866
=035  \\$9UC 12096890
=090  \\$aHE2701$b.R31
=049  \\$aUIUU
=245  04$aThe railway economy of the future.
=260  \\$a[Alabama :$bs.n.],$c1872.
=300  \\$a8 p. ;$c21 cm.
=500  \\$aSigned:  Engineer.
=500  \\$aCaption title.
=650  \0$aRailroads and state.
=700  0\$aEngineer.
=910  \\$arcp3254
=994  \\$a02$bUIU
=910  \\$aMARS
=955  \\$bark:/13960/t9092gq7q$qrailwayeconomyof00engi
=852  8\$beresour-nc$hOnline Resource$t1
=856  41$3Full text - HathiTrust Digital Library$uhttps://hdl.handle.net/2027/uiuo.ark:/13960/t9092gq7q

