=LDR  00879cam a22002771  4500
=001  2388842
=005  20071204225046.0
=008  900530s1884\\\\nyu\\\\\\\\\\\\\\\\\eng\u
=003  UIUdb
=035  \\$a(OCoLC)ocm77229317
=035  \\$9ARA-3648
=035  \\$9UC 12096006
=035  \\$auil00062724
=040  \\$dUtOrBLW
=100  1\$aLansing, Gerrit Livingston.
=245  14$aThe railway and the state.
=260  \\$a[New York,$c1884?]
=300  \\$a461-75 p. ;$ccm.
=500  \\$aExtract from the North American review, vol. CXXXVIII.
=650  \0$aRailroads and state.
=911  \\$1m$2ARA-3648$3UC 12096006$47/12/2004 16:06:44$a385.1 L291R
=913  \\$18691
=910  \\$aMARS
=955  \\$bark:/13960/t4mm2jc1g$qrailwaystate00lans
=852  8\$beresour-nc$hOnline Resource$t1
=856  41$3Full text - HathiTrust Digital Library$uhttps://hdl.handle.net/2027/uiuo.ark:/13960/t4mm2jc1g

