=LDR  01345cam a2200337M  4500
=001  2392106
=005  20030802202226.0
=008  900530s1922\\\\quc\\\\\\\\\\s000\0\fre\d
=003  UIUdb
=035  \\$a(OCoLC)ocm49071829
=040  \\$aB2Q$bfre$cB2Q$dUIU
=035  \\$9ARA-6941
=035  \\$9UC 01043457
=043  \\$an-cn-qu
=049  \\$aUIUU
=110  1\$aQuébec (Province).$bLegislature.$bLegislative Assembly.$bComité permanent de l'agriculture, de l'immigration et de la colonisation.
=245  10$aRapport du comité permanent de l'agriculture, de l'immigration et de la colonisation sur l'opportunité de créer un crédit agricole.
=260  \\$a[Québec :$ble Comité],$c1922.
=300  \\$a237 p. ;$c25 cm.
=500  \\$aCommissaire: E. Moreau, président.
=500  \\$aComprend du texte en anglais.
=500  \\$aPublié également dans les Documents parlementaires DP56 (1922),4,234p.
=650  \6$aCrédit agricole$zQuébec (Province)
=700  1\$aMoreau, Emile,$d1877-1959.
=740  0\$aL'opportunité de créer un crédit agricole.
=910  \\$arcp3902
=994  \\$a02$bUIU
=910  \\$aMARS
=955  \\$bark:/13960/t6354vm3g$qrapportducomitep00queb
=852  8\$beresour-nc$hOnline Resource$t1
=856  41$3Full text - HathiTrust Digital Library$uhttps://hdl.handle.net/2027/uiuo.ark:/13960/t6354vm3g

