=LDR  00823cam a22002651  4500
=001  2452716
=005  20080123225850.0
=008  900530s1860\\\\fr\\\\\\\\\\\\\\\\\\fre\u
=003  UIUdb
=035  \\$a(OCoLC)ocm77299339
=035  \\$9ARG-9204
=035  \\$9UC 13000276
=035  \\$auil00057884
=040  \\$dUtOrBLW
=100  1\$aFéraud-Ciraud, Louis Joseph Delphin.
=245  10$aRapport fait sur le projet du canal du Verdon.
=260  \\$aAix?,$c1860.
=300  \\$a32 p. ;$ccm.
=651  \0$aFrance$xCanals.
=911  \\$1m$2ARG-9204$3UC 13000276$47/7/2004 9:55:06$a386 F37R
=913  \\$12212
=910  \\$aMARS
=955  \\$bark:/13960/t6zw7p020$qrapportfaitsurle00fera
=852  8\$beresour-nc$hOnline Resource$t1
=856  41$3Full text - HathiTrust Digital Library$uhttps://hdl.handle.net/2027/uiuo.ark:/13960/t6zw7p020

