=LDR  00862cam a22002651  4500
=001  2352166
=005  20130619105352.0
=008  900530s190u\\\\nyu\\\\\\\\\\s00|\|\eng\u
=003  UIUdb
=035  \\$a(OCoLC)ocm77226427
=035  \\$9AQW-6613
=035  \\$9UC 03055138
=035  \\$ashi00011341
=040  \\$dUtOrBLW
=110  1\$aNew York.$bState Library (Albany)
=245  10$aReading list on work for the blind. /$ccomp. by Minnie M. Beal.
=260  \\$a[Albany,$c190-?]
=300  \\$a5 p. ;$ccm.
=500  \\$aTypewritten copy.
=650  \0$aBlind, Books for the.
=911  \\$a027.62 N532R$1m$2AQW-6613$3UC 03055138$44/1/2004 17:41:54
=910  \\$aMARS
=955  \\$bark:/13960/t2994fd6d$qreadinglistonwor00newy
=852  8\$beresour-nc$hOnline Resource$t1
=856  41$3Full text - HathiTrust Digital Library$uhttps://hdl.handle.net/2027/uiuo.ark:/13960/t2994fd6d

