=LDR  00838cam a22002531  4500
=001  2452344
=005  20080123223934.0
=008  900530s1878\\\\gw\\\\\\\\\\\\\\\\\\eng\u
=003  UIUdb
=035  \\$a(OCoLC)ocm77299296
=035  \\$9ARG-8832
=035  \\$9UC 12059374
=035  \\$auil00028550
=040  \\$dUtOrBLW
=110  2\$aAtlantic, Mississippi & Ohio Railroad Company.
=245  10$aReceiver's report covering the period from July 1, 1877 to June 30, 1878.
=260  \\$aPetersburg,$c1878.
=300  \\$a47 p. ;$ccm.
=911  \\$1m$2ARG-8832$3UC 12059374$46/10/2004 13:28:27$a385.4 AT62R
=913  \\$137274
=910  \\$aMARS
=955  \\$bark:/13960/t6q01dq8k$qreceiversreportc00atla
=852  8\$beresour-nc$hOnline Resource$t1
=856  41$3Full text - HathiTrust Digital Library$uhttps://hdl.handle.net/2027/uiuo.ark:/13960/t6q01dq8k

