=LDR  00833cam a2200265Ma 4500
=001  2442101
=005  20040527100931.0
=008  900530s1903\\\\enk\\\\\\\\\\\000\0\eng\d
=003  UIUdb
=035  \\$a(OCoLC)ocm54137769
=040  \\$aYUS$cYUS
=035  \\$9ARF-8564
=049  \\$aUIUU
=100  1\$aCohen, Herman,$d1860-1932.
=245  10$aRecent trade union cases ... /$cby Herman Cohen.
=250  \\$a2nd ed.
=260  \\$aLondon,$c1903.
=300  \\$a19 pp. ;$c21 cm.
=650  \0$aLabor unions$zGreat Britain.
=650  \0$aLabor laws and legislation$zGreat Britain.
=710  2\$aLondon Trades Council.
=994  \\$aX0$bUIU
=955  \\$bark:/13960/t7xm4j197$qrecenttradeunion00cohe
=852  8\$beresour-nc$hOnline Resource$t1
=856  41$3Full text - HathiTrust Digital Library$uhttps://hdl.handle.net/2027/uiuo.ark:/13960/t7xm4j197

