=LDR  01130cam a22002891  4500
=001  2371597
=005  20071204224032.0
=008  900530s1896\\\\fr\\\\\\\\\\\\\\\\\\fre\u
=003  UIUdb
=035  \\$a(OCoLC)ocm77227772
=035  \\$9AQY-6297
=035  \\$9UC 08041967
=035  \\$auil00046381
=040  \\$dUtOrBLW
=100  1\$aCarcanagues.
=245  10$aRecherches expérimentales sur l'échauffement de l'air parcourant un tuyau maintenu extérieurement à une température déterminée :$bApplication à l'étude de la possibilité de la transformation de la locomotive en machine à condensation.
=260  \\$a[Paris,$c1896]
=300  \\$ap. 529-552, folded plates :$bill. ;$ccm.
=440  \0$aAnnales des mines ;$v9. série, t. 9
=590  \\$aDetached copy.
=650  \0$aCondensers (Steam)
=911  \\$1m$2AQY-6297$3UC 08041967$46/24/2004 9:52:38$a621.17 C17R
=913  \\$154331
=910  \\$aMARS
=955  \\$bark:/13960/t41s3124h$qrecherchesexperi00carc
=852  8\$beresour-nc$hOnline Resource$t1
=856  41$3Full text - HathiTrust Digital Library$uhttps://hdl.handle.net/2027/uiuo.ark:/13960/t41s3124h

