=LDR  00832cam a22002651  4500
=001  2375262
=005  20071204224332.0
=008  900530s1885\\\\gw\\\\\\\\\\\\\\\\\\ger\u
=003  UIUdb
=035  \\$a(OCoLC)ocm77228215
=035  \\$9AQY-9968
=035  \\$9UC 11040177
=035  \\$auil00061756
=040  \\$dUtOrBLW
=245  00$aRechts- und verwaltungs-grundsätze in feuer-versicherungs-angelegenheiten.
=260  \\$aBerlin,$c1885.
=300  \\$a97 p. ;$ccm.
=650  \0$aInsurance, Fire.
=700  1\$aKassner.
=911  \\$1m$2AQY-9968$3UC 11040177$47/9/2004 9:27:13$a368.1 K154R
=913  \\$151167
=910  \\$aMARS
=955  \\$bark:/13960/t42s01z0d$qrechtsundverwalt00kass_0
=852  8\$beresour-nc$hOnline Resource$t1
=856  41$3Full text - HathiTrust Digital Library$uhttps://hdl.handle.net/2027/uiuo.ark:/13960/t42s01z0d

