=LDR  00984cam a22002891i 4500
=001  2362019
=005  20071128222957.0
=008  900530s1917\\\\cl\a\\\\\\\\\f000\0\spa\u
=003  UIUdb
=035  \\$a(OCoLC)ocm23913600
=035  \\$9AQX-6705
=035  \\$9UC 01079330
=035  \\$a(UPRA)arg00448864
=040  \\$cUPRA$dUtOrBLW
=110  1\$aChile.
=240  10$aLaws, etc.
=245  10$aRecopilacion de leyes i decretos :$bpara el servicio del Tribunal de cuentas.
=260  \\$aSantiago de Chile :$bImp., lit. i enc. fiscal de la penitenciaría,$c1917.
=300  \\$a143 p. :$bill. ;$c26 cm.
=650  \0$aFinance$zChile.
=710  1\$aChile.$bTribunal decuentas.
=911  \\$1m$2AQX-6705$3UC 01079330$47/1/2004 8:53:28$a354.83 C43R
=913  \\$155361
=910  \\$aMARS
=955  \\$bark:/13960/t5bd05x4h$qrecopilaciondele00chil
=852  8\$beresour-nc$hOnline Resource$t1
=856  41$3Full text - HathiTrust Digital Library$uhttps://hdl.handle.net/2027/uiuo.ark:/13960/t5bd05x4h

