=LDR  00989cam a2200277I  4500
=001  2436208
=005  20030730160256.0
=008  900530s1862\\\\gw\\\\\\\b\\\\000\0\ger\d
=003  UIUdb
=035  \\$a(OCoLC)ocm06179136
=040  \\$aTJC$cTJC$dOCLCQ$dUIU
=035  \\$9ARF-2651
=035  \\$9UC 00018800
=090  \\$aB2847$b.S34
=049  \\$aUIUU
=100  1\$aSchellenberg, E. O.
=245  10$aRede aur Feier der Erinnerung an den hundertjährigen Geburtstag Johann Gottlieb Fichte's am 19. Mai 1862,$cgehalten in dem Aula-Saale zu Mannheim von E.O. Schellenberg.
=260  \\$aMannheim :$bJ. Schneider,$c1862.
=300  \\$a16 p.$c21 cm.
=600  10$aFichte, Johann Gottlieb,$d1762-1814$xAnniversaries, etc., 1862.
=910  \\$arcp2543
=994  \\$a02$bUIU
=910  \\$aMARS
=955  \\$bark:/13960/t2s52w105$qredeaurfeierdere00sche
=852  8\$beresour-nc$hOnline Resource$t1
=856  41$3Full text - HathiTrust Digital Library$uhttps://hdl.handle.net/2027/uiuo.ark:/13960/t2s52w105

