=LDR  01345cam a2200325Ia 4500
=001  2332903
=005  20150223095622.0
=008  900530s1914\\\\cau\\\\\\r\\\s000\0\eng\d
=003  UIUdb
=035  \\$a(OCoLC)ocm29971380
=040  \\$aSFR$beng$cSFR$dOCL$dOCLCQ
=043  \\$an-us-ca
=092  \\$a629.1$bC12 1914
=049  \\$aUIUU
=245  00$aRegistered automobiles, 1914 :$bnos. 1 to 18461 inclusive /$cState Department Engineering, Motor Vehicle Division.
=260  \\$a[Sacramento, Calif.] :$bCalifornia State Print. Off.,$c1914.
=300  \\$a1 volume ;$c23 cm
=336  \\$atext$btxt$2rdacontent
=337  \\$aunmediated$bn$2rdamedia
=338  \\$avolume$bnc$2rdacarrier
=650  \0$aAutomobiles$xRegistration and transfer$zCalifornia$vDirectories.
=650  \0$aAutomobiles$xLicenses$zCalifornia$vDirectories.
=650  \0$aMotor vehicles$zRegistration and transfer$zCalifornia$vDirectories.
=650  \0$aMotor vehicles$xLicenses$zCalifornia$vDirectories.
=710  1\$aCalifornia.$bDepartment of Engineering.$bMotor Vehicle Division.
=710  1\$aCalifornia.$bDepartment of Motor Vehicles.
=994  \\$aC0$bUIU
=955  \\$bark:/13960/t53g0zx70$qregisteredautomo1914cali$v1914
=852  8\$beresour-nc$hOnline Resource$t1
=856  41$3Full text - HathiTrust Digital Library$uhttps://hdl.handle.net/2027/uiuo.ark:/13960/t53g0zx70

