=LDR  00808nam a2200241   4500
=001  3415576
=005  20020415165045.0
=008  911024s1907\\\\bo\\\\\\\\\\\\000\0\spa\\
=003  UIUdb
=035  \\$a(OCoLC)ocm24617376
=035  \\$9AWA-5503
=040  \\$aDLC$cRQR
=050  0\$aJV7450$b.A7 1907
=110  1\$aBolivia.
=245  00$aReglamento de inmigración libre.
=260  \\$aLa Paz,$bTaller tip., J.M. Gamarra,$c1907.
=300  \\$avii, 14 p.$c22 cm.
=500  \\$aCover-title.
=650  \0$aEmigration and immigration law$zBolivia.
=710  10$aBolivia.$bMinisterio de colonización y agricultura.
=955  \\$bark:/13960/t9189hn4d$qreglamentodeinmi00boli
=852  8\$beresour-nc$hOnline Resource$t1
=856  41$3Full text - HathiTrust Digital Library$uhttps://hdl.handle.net/2027/uiuo.ark:/13960/t9189hn4d

