=LDR  01049cam a2200301I  4500
=001  2341256
=005  20030808040830.0
=008  900530r19051905dcu\\\\\\\\\\\000\0\eng\\
=003  UIUdb
=010  \\$a   05030413 
=035  \\$a(OCoLC)ocm47236820
=040  \\$aDLC$cYUS$dUIU
=035  \\$9AQV-5577
=035  \\$9UC 12096038
=050  00$aHE1051$b.N53
=049  \\$aUIUU
=100  1\$aNewcomb, H. T.$q(Harry Turner),$d1867-1944.
=245  14$aThe regulation of interstate railways,$cby H.T. Newcomb ...
=260  \\$aWashington, D.C. :$bPress of the Law Reporter Printing Co.,$c1905.
=300  \\$a24 p.$c18 cm.
=500  \\$aReprinted, by permission, from the Bulletin of the Commercial Law League of America, for February, 1905.
=650  \0$aRailroads$zUnited States$xRates.
=910  \\$arcp3254
=994  \\$a02$bUIU
=910  \\$aMARS
=955  \\$bark:/13960/t0qs11j5m$qregulationofinte00newc
=852  8\$beresour-nc$hOnline Resource$t1
=856  41$3Full text - HathiTrust Digital Library$uhttps://hdl.handle.net/2027/uiuo.ark:/13960/t0qs11j5m

