=LDR  01180cam a2200313Ia 4500
=001  2453400
=005  20030805055103.0
=008  900530s1874\\\\scu\\\\\\\\\\\000\0\eng\\
=003  UIUdb
=010  \\$a   07029236 
=035  \\$a(OCoLC)ocm24314582
=040  \\$aDLC$cNOC$dNOC$dUIU
=035  \\$9ARG-9889
=035  \\$9UC 14032630
=050  0\$aF274$b.T26
=049  \\$aUIUU
=111  2\$aTax-Payers' Convention of South Carolina$d(1874 :$cColumbia, S.C.)
=245  10$aRejoinder to the reply of the Central Committee of the Republican Party of So. Carolina to the memorial of the Tax-payers' Convention.
=260  \\$aCharleston, S.C. :$bThe News and Courier Job Presses,$c1874.
=300  \\$a16 p. ;$c24 cm.
=610  20$aRepublican Party (S.C.).$bState Central Committee.$tReply to the memorial of the Tax-payers' Convention.
=650  \0$aReconstruction.
=650  \0$aFinance, Public$zSouth Carolina.
=910  \\$arcp3356
=994  \\$a02$bUIU
=910  \\$aMARS
=955  \\$bark:/13960/t15n2f68v$qrejoindertoreply00taxp_0
=852  8\$beresour-nc$hOnline Resource$t1
=856  41$3Full text - HathiTrust Digital Library$uhttps://hdl.handle.net/2027/uiuo.ark:/13960/t15n2f68v

