=LDR  00949cam a2200277K  4500
=001  2445799
=005  20030804073436.0
=008  900530r19141914mdu\\\\\\\\\\\000\0\eng\d
=003  UIUdb
=035  \\$a(OCoLC)ocm36761953
=040  \\$aZT8$bfre$cZT8$dOCLCQ$dUIU
=035  \\$9ARG-2275
=035  \\$9UC 06033599
=049  \\$aUIUU
=100  1\$aLund, Elmer J.
=245  14$aThe relations of bursaria to food.$nI.$pSelection in feeding and in extrusion$cby Elmer J. Lund.
=260  \\$a[Baltimore,$c1914]
=300  \\$a1 v.$c8vo.
=502  \\$aA dissertation ... of the Johns Hopkins University ...
=500  \\$aRepr. from the Journal of experimental zoölogy, vol. 16, no. 1, 1914.
=910  \\$arcp3604
=994  \\$a02$bUIU
=910  \\$aMARS
=955  \\$bark:/13960/t0006bq32$qrelationsofbursa00lund
=852  8\$beresour-nc$hOnline Resource$t1
=856  41$3Full text - HathiTrust Digital Library$uhttps://hdl.handle.net/2027/uiuo.ark:/13960/t0006bq32

