=LDR  01466cam a2200349I  4500
=001  2436359
=005  20170715201336.0
=008  900530s1918\\\\it\bf\\\\\\\\\000\0\ita\\
=003  UIUdb
=010  \\$a   19018141 
=035  \\$a(OCoLC)ocm07016133
=040  \\$aDLC$beng$cFHM$dOCLCQ$dBOS$dOCLCF$dOCLCQ$dOCLCO$dOCL
=043  \\$ae-it---
=050  14$aJV2227$b.F18
=049  \\$aUIUU
=100  1\$aColosimo, Gaspare,$d1859-1944.
=245  10$aRelazione al Parlamento sulla situazione politica, economica ed amministrativa delle colonie italiane presentata alla Camera dei deputati il 23 febbraio 1918 ed al Senato del regno il 28 febbraio 1918.$bCon XXIV annessi, nove carte e una tavola.
=260  \\$aRoma,$bTip. del Senato di G. Bardi,$c1918.
=300  \\$a2 preliminary leaves, 528 pages$bplates, 9 maps (8 folded)$c26 cm
=336  \\$atext$btxt$2rdacontent
=337  \\$aunmediated$bn$2rdamedia
=338  \\$avolume$bnc$2rdacarrier
=500  \\$aAt head of title: Avv. Gaspare Colosimo, ministro delle colonie.
=500  \\$aOn cover: 3 ristampa.
=651  \0$aItaly$xColonies.
=650  \7$aItalian colonies.$2fast$0(OCoLC)fst01930857
=710  1\$aItaly.$bMinistero delle colonie.
=945  \\$aLBD data change$b07/14/2017
=994  \\$a92$bUIU
=955  \\$bark:/13960/t84j6qb7k$qrelazionealparla00colo
=852  8\$beresour-nc$hOnline Resource$t1
=856  41$3Full text - HathiTrust Digital Library$uhttps://hdl.handle.net/2027/uiuo.ark:/13960/t84j6qb7k

