=LDR  01007cam a2200241 a 4500
=001  3553242
=005  20020415165129.0
=008  931206s1919\\\\cl\\\\\\\\\\\\000\0\spa\d
=003  UIUdb
=035  \\$a(OCoLC)ocm29434962
=035  \\$9AXI-6225
=040  \\$aUIU$cUIU
=100  2\$aRíos González, Tomás.
=245  10$aReligión y ciencia /$cpor Tomás Ríos González.
=260  \\$a[Chile :$bs.n.],$c1919$e(Valparaíso :$fLitografía e Imprenta Moderna)
=300  \\$a209 p. ;$c21 cm.
=500  \\$a"Conferencia dictada en el Salón de Honor de la Universidad de Chile y en las ciudades de Valparaíso, Concepción, Valdivia y Puerto Montt."
=500  \\$aIncludes ms. notes in margins and within the text.$5IU
=650  \0$aScience$xPhilosophy.
=650  \0$aReligion and science$xPhilosophy.
=955  \\$bark:/13960/t13n8c587$qreligionyciencia00rios
=852  8\$beresour-nc$hOnline Resource$t1
=856  41$3Full text - HathiTrust Digital Library$uhttps://hdl.handle.net/2027/uiuo.ark:/13960/t13n8c587

