=LDR  00770nam a22002171  4500
=001  1691872
=005  20020415162257.0
=008  871109s1837\\\\enk\\\\\\\\\\\00000\eng\u
=003  UIUdb
=035  \\$a(OCoLC)ocm19429563
=035  \\$9ANK-1706
=040  \\$cMLL$dUIU
=100  10$aColt, Frederick Hoare,$d1826-
=245  10$aRemarks on the land transfer question :$bwith a sketch of a plan for a general register.
=260  0\$aLondon :$bH. Sweet,$c1873.
=300  \\$a34 p. ;$c21 cm.
=650  \0$aLand titles$xRegistration and transfer
=740  01$aLand transfer question.
=955  \\$bark:/13960/t3kx1mb6d$qremarksonlandtra00colt
=852  8\$beresour-nc$hOnline Resource$t1
=856  41$3Full text - HathiTrust Digital Library$uhttps://hdl.handle.net/2027/uiuo.ark:/13960/t3kx1mb6d

