=LDR  01547cam a2200361Ia 4500
=001  2386630
=005  20091216094155.0
=008  900530s1888\\\\enkbf\\\\\\\\\000\0\eng\d
=003  UIUdb
=035  \\$a(OCoLC)ocm28368065
=040  \\$aDGU$cDGU$dUIU
=035  \\$9ARA-1433
=035  \\$9UC 04066438
=043  \\$an-us---
=090  \\$aHD3888$b.C68 1888
=049  \\$aUIUU
=110  2\$aCouncil of Engineering Societies on National Public Works.$bExecutive Board.
=240  10$aReorganization of national public works.$nPart 1
=245  10$aReorganization of national public works :$bin three parts : Part I. Proposed legislation : information relating thereto /$ccompiled and published by the Executive Board of the Council of Engineering Societies on National Public Works.
=260  \\$aChicago :$b[The Council],$c1888$e(Chicago, Ill. :$fThe Fred'k Weston Printing Company)
=300  \\$avi, [7]-74, [2] p., [1] leaf of plates :$bmap ;$c22 cm.
=500  \\$aLymen Edgar Cooley, president; John Eisenmann, secretary and treasurer.
=500  \\$aPages [75]-[76] are blank.
=650  \0$aPublic works$zUnited States$xLaw and legislation.
=700  1\$aCooley, Lyman Edgar,$d1850-1917.
=700  1\$aEisenmann, John.
=740  0\$aProposed legislation.
=910  \\$arcp0200
=994  \\$a02$bUIU
=910  \\$aMARS
=955  \\$bark:/13960/t3dz6g509$qreorganizationof01coun$vpt.1(Incompl.)
=852  8\$beresour-nc$hOnline Resource$t1
=856  41$3Full text - HathiTrust Digital Library$uhttps://hdl.handle.net/2027/uiuo.ark:/13960/t3dz6g509

