=LDR  01238cam a2200313Ii 4500
=001  2452657
=005  20030804093743.0
=008  900530s1847\\\\nju\\\\\\\\\\\000\0\eng\d
=003  UIUdb
=035  \\$a(OCoLC)ocm05131381
=040  \\$aBMC$cBMC$dOCLCQ$dUIU
=035  \\$9ARG-9145
=035  \\$9UC 12096310
=090  \\$aHE6475$b.D4 1847
=049  \\$aUIUU
=110  2\$aDelaware and Raritan Canal Company.
=245  10$aReply of the Executive Committee of the Delaware and Raritan Canal and Camden and Amboy Railroad and Transportation Companies :$bto a letter addressed to the Hon. G. W. Hopkins by Cave Johnson, Post Master General.
=260  \\$aTrenton :$bArnold & Brittain,$c1847.
=300  \\$a23 p. ;$c23 cm.
=500  \\$aSigned: John R. Thomson, Edwin A. Stevens, James Neilson, Benjamin Fish, Ex. Com.
=650  \0$aPostal service$zUnited States.
=700  1\$aJohnson, Cave,$d1793-1866.
=710  2\$aCamden and Amboy Railroad and Transportation Company.
=910  \\$arcp3254
=994  \\$a02$bUIU
=910  \\$aMARS
=955  \\$bark:/13960/t9674nt15$qreplyofexecutive00dela
=852  8\$beresour-nc$hOnline Resource$t1
=856  41$3Full text - HathiTrust Digital Library$uhttps://hdl.handle.net/2027/uiuo.ark:/13960/t9674nt15

