=LDR  01008cam a22002657  4500
=001  2404396
=005  20071204225556.0
=008  900530s1867\\\\pau\\\\\\\\\\\000\0\eng\d
=003  UIUdb
=035  \\$a(OCoLC)ocm77230138
=035  \\$9ARB-9273
=035  \\$9UC 12059383
=035  \\$a(CStRLIN)MAHGAUO68390-B
=040  \\$aMH$cMH$dCStRLIN
=110  2\$aAtlantic and Great Western Railway Company.
=245  10$aReply to the Statements of James McHenry and Others, in relation to the American Management of the Atlantic & Great Western Railway :$bwith the Fourth Annual Report of the Company.
=260  \\$a[Meadville, Pa.,$c1867.]
=300  \\$app. 93. ;$ccm.
=911  \\$1m$2ARB-9273$3UC 12059383$46/10/2004 13:28:27$a385.4 AT64R
=913  \\$137373
=987  \\$amissing$bmatch points
=910  \\$aMARS
=955  \\$bark:/13960/t37148s7n$qreplytostatement00atla
=852  8\$beresour-nc$hOnline Resource$t1
=856  41$3Full text - HathiTrust Digital Library$uhttps://hdl.handle.net/2027/uiuo.ark:/13960/t37148s7n

