=LDR  01870cam a2200433Ia 4500
=001  2187885
=005  20170721081136.0
=008  900530r18771876enk\\\\\\\\\\\000\0\eng\\
=003  UIUdb
=010  \\$a   09010881 
=035  \\$a(OCoLC)ocm09451547
=040  \\$aDLC$beng$cVIC$dVIC$dWIH$dOCLCQ$dOCLCG$dOCLCF$dOCLCO$dOCLCQ$dOCL
=043  \\$ae-no---$ae-sw---
=050  0\$aHV320$b.A5
=049  \\$aUIUU
=100  1\$aAndrews, C. C.$q(Christopher Columbus),$d1829-1922.
=245  10$aReport from Mr. Andrews, minister resident of the United States at Stockholm :$bon pauperism & poor-laws in Sweden and Norway.
=260  \\$aLondon :$bJohn S. Levey,$c1877.
=300  \\$a32 pages ;$c22 cm
=336  \\$atext$btxt$2rdacontent
=337  \\$aunmediated$bn$2rdamedia
=338  \\$avolume$bnc$2rdacarrier
=500  \\$a"Reprinted from 'Foreign relations of the United States, ' 1876."
=500  \\$aLibrary's copy lacks title page.
=650  \0$aPoor$zSweden$xHistory$y19th century.
=650  \0$aPoor$zNorway$xHistory$y19th century.
=650  \0$aPoor laws$zSweden$xHistory$y19th century.
=650  \0$aPoor laws$zNorway$xHistory$y19th century.
=650  \7$aPoor.$2fast$0(OCoLC)fst01071040
=650  \7$aPoor laws.$2fast$0(OCoLC)fst01071211
=651  \7$aNorway.$2fast$0(OCoLC)fst01204556
=651  \7$aSweden.$2fast$0(OCoLC)fst01204537
=648  \7$a1800-1899$2fast
=655  \7$aHistory.$2fast$0(OCoLC)fst01411628
=776  08$iOnline version:$aAndrews, C. C. (Christopher Columbus), 1829-1922.$tReport from Mr. Andrews, minister resident of the United States at Stockholm.$dLondon : John S. Levey, 1877$w(OCoLC)903226556
=994  \\$aC0$bUIU
=955  \\$bark:/13960/t9674p18n$qreportfrommrandr00andr
=852  8\$beresour-nc$hOnline Resource$t1
=856  41$3Full text - HathiTrust Digital Library$uhttps://hdl.handle.net/2027/uiuo.ark:/13960/t9674p18n

