=LDR  01096cam a2200301Ma 4500
=001  6421635
=005  20101207110241.0
=008  030530s1896\\\\mau\\\\\\l\\\\000\0\eng\d
=003  UIUdb
=035  \\$a(OCoLC)ocm52956311
=040  \\$aRBN$cRBN$dOCLCQ
=043  \\$an-us-ma
=049  \\$aUIUU
=110  1\$aNewton (Mass.)
=240  10$aCharter
=245  10$aReport of the Committee on the Revision of the Charter of the City of Newton, 1896.
=260  \\$aNewton Centre, Mass. :$bCircuit Press,$c1896.
=300  \\$a20 p. ;$c23 cm.
=500  \\$aChiefly the draft of the revised charter.
=500  \\$a"Henry E. Bothfeld, Chairman."--P. [3].
=651  \0$aNewton (Mass.)$vCharters.
=650  \0$aMunicipal charters$zMassachusetts$zNewton.
=700  1\$aBothfeld, Henry E.
=710  1\$aNewton (Mass.).$bCommittee on the Revision of the Charter of the City of Newton.
=994  \\$aC0$bUIU
=955  \\$bark:/13960/t78t0z25c$qreportofcommitte00newt
=852  8\$beresour-nc$hOnline Resource$t1
=856  41$3Full text - HathiTrust Digital Library$uhttps://hdl.handle.net/2027/uiuo.ark:/13960/t78t0z25c

