=LDR  00867cam a2200265I  4500
=001  3217879
=005  20030804070710.0
=008  900530s1854\\\\ohu\\\\\\\\\\\000\0\eng\d
=003  UIUdb
=035  \\$a(OCoLC)ocm03155941
=040  \\$aOCP$cOCP$dOCLCQ$dUIU
=035  \\$9AUS-1577
=035  \\$9UC 12097236
=092  \\$a385.09772$bC5741
=049  \\$aUIUU
=110  2\$aCincinnati and Chicago Railroad Co.
=245  10$aReport of condition & prospects of Cincinnati & Chicago R. R., October. 1854.
=260  \\$aCincinnati :$bPublished by John D. Thorpe,$c[1854]
=300  \\$a19 p.$bfold. map.$c21 cm.
=910  \\$arcp3689
=994  \\$a02$bUIU
=910  \\$aMARS
=955  \\$bark:/13960/t25b6b52z$qreportofconditio00cinc
=852  8\$beresour-nc$hOnline Resource$t1
=856  41$3Full text - HathiTrust Digital Library$uhttps://hdl.handle.net/2027/uiuo.ark:/13960/t25b6b52z

