=LDR  01324cam a2200349I  4500
=001  1947422
=005  20030810221551.0
=008  900530s1853\\\\nyuab\\\\\\\\\000\0\eng\c
=003  UIUdb
=010  \\$aa  17000162 
=035  \\$a(OCoLC)ocm11976144
=040  \\$aBureau of Railway Economics$cFKS$dFKS$dUIU
=035  \\$9APH-5670
=035  \\$9UC 12059345
=043  \\$an-us-pa
=090  \\$aHE2791.M677$bA55
=049  \\$aUIUU
=100  1\$aAllen, J. W.
=245  14$aThe report of J.W. Allen, esq., civil engineer, upon the practicability of extending the Morris and Essex line of railroad ... from the Delaware Water Gap to Wilkes-Barre, Pa. ... including the report upon coal land, by Wm. F. Roberts ...
=260  \\$aNew-York :$bSnowden, printer,$c1853.
=300  \\$a44 p.$bfront. (fold. map), plates.$c23 cm.
=500  \\$a"An act of Pennsylvania regulating railroad companies": p. 17-32.
=610  10$aMorris and Essex Railroad.
=650  \0$aCoal$zPennsylvania.
=650  \0$aRailroad law$zPennsylvania.
=700  1\$aRoberts, William F.
=910  \\$arcp3902
=994  \\$a02$bUIU
=910  \\$aMARS
=955  \\$bark:/13960/t55f51r49$qreportofjwallene00alle
=852  8\$beresour-nc$hOnline Resource$t1
=856  41$3Full text - HathiTrust Digital Library$uhttps://hdl.handle.net/2027/uiuo.ark:/13960/t55f51r49

