=LDR  01026cam a22002897a 4500
=001  2944623
=005  20030804211501.0
=008  900530s1880\\\\pau\\\\\\\\\\\000\0\eng\\
=003  UIUdb
=010  \\$a   96195384 
=035  \\$a(OCoLC)ocm36712930
=040  \\$aDLC$cDLC$dUIU
=035  \\$9ATE-9187
=035  \\$9UC 12058961
=050  00$aYA 18828
=049  \\$aUIUU
=245  00$aReport of proceedings at the meetings of the Philadelphia Bar, and of the Law Association of Philadelphia, held Nov. 4th and 5th, 1880, upon the occasion of the death of Peter McCall.
=260  \\$aPhiladelphia :$bJ.M. Power Wallace,$c1880.
=300  \\$a20 p. ;$c26 cm.
=600  10$aMcCall, Peter,$d1809-1880.
=710  2\$aYA Pamphlet Collection (Library of Congress)$5DLC
=910  \\$arcp3902
=994  \\$a02$bUIU
=910  \\$aMARS
=955  \\$bark:/13960/t5w72pd3h$qreportofproceedi00yapa
=852  8\$beresour-nc$hOnline Resource$t1
=856  41$3Full text - HathiTrust Digital Library$uhttps://hdl.handle.net/2027/uiuo.ark:/13960/t5w72pd3h

