=LDR  01007cam a2200253Li 4500
=001  5318566
=005  20070322162342.0
=008  941117s1852\\\\dcu\\\\\\\\\\f000\0\eng\d
=003  UIUdb
=035  \\$a(OCoLC)ocm82845777
=040  \\$aDEH$cDEH
=049  \\$aUIUU
=110  1\$aUnited States.$bNavy Dept.
=245  10$aReport of the Secretary of the Navy, communicating, in compliance with a resolution of the Senate, a report of the engineer-in-chief of the Navy, on the comparative value of anthracite & bituminous coals :$bMay, 1852.
=260  \\$a[Washington,$c1852]
=300  \\$a13 p. ;$c22 cm.
=500  \\$aSigned: Charles B. Stuart, engineer-in-chief, U.S. Navy.
=650  \0$aAnthracite coal.
=650  \0$aBituminous coal.
=700  1\$aStuart, Charles Beebe,$d1814-1881.
=994  \\$aC0$bUIU
=955  \\$bark:/13960/t3wt4wq0n$qreportofsecretar00unit_10
=852  8\$beresour-nc$hOnline Resource$t1
=856  41$3Full text - HathiTrust Digital Library$uhttps://hdl.handle.net/2027/uiuo.ark:/13960/t3wt4wq0n

