=LDR  00844cam a22002171  4500
=001  2673182
=005  20071205234344.0
=008  900530s1912\\\\pau\\\\\\\\\\\\\\\\\eng\u
=003  UIUdb
=035  \\$a(OCoLC)ocm77312221
=035  \\$9ASD-3932
=035  \\$9UC 03098255
=035  \\$aurb00137740
=040  \\$dUtOrBLW
=110  2\$aNational Vial and Bottle Association and the Glass Bottle Blowers' Association of the United States and Canada.
=245  10$aReport of sessions of the Joint Wage Conference held in Atlantic City, New Jersey, August 21st to August 31st, inclusive, 1912.
=260  \\$aPhiladelphia,$c[1912?]
=300  \\$a60 p. ;$ccm.
=955  \\$bark:/13960/t6zw7nv6q$qreportofsessions00nati
=852  8\$beresour-nc$hOnline Resource$t1
=856  41$3Full text - HathiTrust Digital Library$uhttps://hdl.handle.net/2027/uiuo.ark:/13960/t6zw7nv6q

