=LDR  01051cam a22003011i 4500
=001  2426184
=005  20071128224350.0
=008  900530s1878\\\\ctu\\\\\\\\\\s\00\0\eng\u
=003  UIUdb
=010  \\$aa  18000080 
=035  \\$a(OCoLC)ocm54793115
=035  \\$9ARE-1234
=035  \\$9UC 12099894
=035  \\$a(UPRA)arg00195996
=040  \\$cUPRA$dUtOrBLW
=110  1\$aConnecticut.$bGeneral Assembly.$bHouse.
=245  10$aReport of the Special Committee appointed, March 13, 1878, to investigate the alleged false returns of railroad companies.
=260  \\$a[Hartford?,$c1878]
=300  \\$a17 p. ;$c23 cm.
=500  \\$aCaption title.
=500  \\$aAt head of title: State of Connecticut.
=650  \0$aRailroads$zConnecticut.
=911  \\$1m$2ARE-1234$3UC 12099894$47/7/2004 7:40:43$a385.74 C762R
=913  \\$13973
=910  \\$aMARS
=955  \\$bark:/13960/t2q58tb8w$qreportofspecialc00conn_2
=852  8\$beresour-nc$hOnline Resource$t1
=856  41$3Full text - HathiTrust Digital Library$uhttps://hdl.handle.net/2027/uiuo.ark:/13960/t2q58tb8w

