=LDR  01145cam a22002891  4500
=001  2417440
=005  20071204225815.0
=008  900530s1897\\\\xx\\\\\\\\\\\s\\\\\\eng\u
=003  UIUdb
=010  \\$a   01005886 
=035  \\$a(OCoLC)ocm62214069
=035  \\$9ARD-2446
=035  \\$9UC 01040947
=035  \\$aurb00095209
=040  \\$dUtOrBLW
=110  1\$aIllinois.$bGeneral Assembly.$bSenate.$bCommittee on Globe Savings Bank.
=245  10$aReport of special committee appointed to investigate the failure of the Globe Savings Bank, and inquire into the condition of the funds of the University of Illinois, and for the purpose of investigating the Girls' Reformatory or Home for Juvenile Offenders.
=260  \\$a[S.l.,$c1897]
=300  \\$a16 p. ;$c22 cm.
=500  \\$aCaption title.
=500  \\$aO.F. Berry, chairman.
=610  20$aGlobe Savings Bank.
=610  20$aIllinois.$bUniversity$xFinance.
=700  1\$aBerry, Orville F.
=955  \\$bark:/13960/t6qz8fs5r$qreportofspecialc00illi
=852  8\$beresour-nc$hOnline Resource$t1
=856  41$3Full text - HathiTrust Digital Library$uhttps://hdl.handle.net/2027/uiuo.ark:/13960/t6qz8fs5r

