=LDR  01184cam a2200325I  4500
=001  2417877
=005  20030730182053.0
=008  900530s1871\\\\miu\\\\\\\\\\s000\0\eng\\
=003  UIUdb
=010  \\$a   06031885 
=035  \\$a(OCoLC)ocm05152948
=040  \\$aDLC$cZXC$dOCLCQ$dUIU
=035  \\$9ARD-2887
=035  \\$9UC 01080657
=050  0\$aHV86$b.M75
=049  \\$aUIUU
=110  1\$aMichigan.$bCommission on Penal, Reformatory, and Charitable Institutions of the State.
=245  10$aReport of the special commissioners to examine the penal, reformatory, and charitable institutions of the State of Michigan.$cBy authority.
=260  \\$aLansing :$bW.S. George & Co., Printers to the State,$c1871.
=300  \\$a133 p.$c22 cm.
=500  \\$aS.S. Cutter, C.I. Walker, F.H. Rankin, Commissioners.
=650  \0$aPrisons$zMichigan.
=650  \0$aReformatories$zMichigan.
=650  \0$aCharities$zMichigan.
=910  \\$arcp1117
=994  \\$a02$bUIU
=910  \\$aMARS
=955  \\$bark:/13960/t9f53w435$qreportofspecialc00mich
=852  8\$beresour-nc$hOnline Resource$t1
=856  41$3Full text - HathiTrust Digital Library$uhttps://hdl.handle.net/2027/uiuo.ark:/13960/t9f53w435

