=LDR  01058cam a2200325   4500
=001  3248987
=005  20030804073720.0
=008  900530s1839\\\\mau\\\\\\\\\\\000\0\eng\\
=003  UIUdb
=010  \\$a   09033425 
=035  \\$a(OCoLC)ocm46837183
=040  \\$aDLC$cDLC$dUIU
=035  \\$9AUV-2922
=035  \\$9UC 02012397
=043  \\$an-us-ma
=050  00$aHJ9256.B75$bA3
=051  \\$aAC901$b.D7 box 84, no. 4
=049  \\$aUIUU
=110  1\$aBoston (Mass.).$bCity Council.
=245  10$aReport on the debt and resources of the city of Boston.
=260  \\$aBoston :$bJ. H. Eastburn, city printer,$c1839.
=300  \\$a12 p.$c24 cm.
=651  \0$aBoston (Mass.)$xAppropriations and expenditures.
=710  2\$aSamuel Gardner Drake Pamphlet Collection (Library of Congress)$5DLC
=910  \\$arcp3531
=994  \\$a02$bUIU
=910  \\$aMARS
=955  \\$bark:/13960/t1wf02r66$qreportondebtreso00bost
=852  8\$beresour-nc$hOnline Resource$t1
=856  41$3Full text - HathiTrust Digital Library$uhttps://hdl.handle.net/2027/uiuo.ark:/13960/t1wf02r66

