=LDR  01361cam a22003731  4500
=001  7226085
=005  20130509083634.0
=008  890404s1911\\\\nyu\\\\\\\\\\s000\0\eng\c
=003  UIUdb
=010  \\$ae  13001962 
=035  \\$a(OCoLC)ocm19494122
=040  \\$aLibrary, U. S. Bur. of Education$beng$cRRR$dDLC$dKRTAS$dUKMGB
=016  7\$a002638809$2Uk
=029  1\$aAU@$b000027047728
=042  \\$apremarc
=043  \\$ae-gx---
=050  00$aT173.H2$bS5
=049  \\$aUIUU
=100  1\$aSmith, Harry B.
=245  00$aReport on the industrial schools of Hamburg and Altona,$bwith references to Harburg and Blankanese,$cby Harry B. Smith.
=260  \\$aAlbany,$bUniversity of the state of New York,$c1911.
=300  \\$a1 p. l., [5]-108 p.$c23 cm.
=490  0\$aEducation dept. bulletin.$vno. 491
=500  \\$aCover-title.
=500  \\$aIllus. on cover.
=650  \0$aEvening and continuation schools$zGermany.
=650  \0$aManual training$zGermany.
=650  \0$aEvening and continuation schools$zGermany$zHamburg.
=650  \0$aManual training$zGermany$zHamburg.
=938  \\$aKirtas Technologies, Inc.$bKRTS$n628261
=994  \\$aC0$bUIU
=955  \\$bark:/13960/t9480m35g$qreportonindustri00smit
=852  8\$beresour-nc$hOnline Resource$t1
=856  41$3Full text - HathiTrust Digital Library$uhttps://hdl.handle.net/2027/uiuo.ark:/13960/t9480m35g

