=LDR  00916cam a2200289K  4500
=001  1924317
=005  20030801121505.0
=008  900530s1913\\\\ilua\\\\\\\\\\000\0\eng\d
=003  UIUdb
=035  \\$a(OCoLC)ocm37884247
=040  \\$aMUU$cMUU$dUIU
=035  \\$9APF-2462
=035  \\$9UC 01060543
=049  \\$aUIUU
=110  1\$aChicago (Ill.).$bCity Council.$bCommittee on Gas, Oil and Electric Light.
=245  10$aReport on the investigation of the Commonwealth Edison Company.
=260  \\$aChicago,$c1913.
=300  \\$a113 p.$bill.
=610  20$aCommonwealth Edison Company.
=650  \0$aGas.
=650  \0$aLighting$zIllinois$zChicago.
=910  \\$arcp2312
=994  \\$a02$bUIU
=910  \\$aMARS
=955  \\$bark:/13960/t7rn9cd5v$qreportoninvestig00chic_0
=852  8\$beresour-nc$hOnline Resource$t1
=856  41$3Full text - HathiTrust Digital Library$uhttps://hdl.handle.net/2027/uiuo.ark:/13960/t7rn9cd5v

