=LDR  01061cam a2200301I  4500
=001  2425347
=005  20030803040515.0
=008  900530s1871\\\\dcu\\\\\\\\\\f000\0\eng\\
=003  UIUdb
=010  \\$a   06026236 
=035  \\$a(OCoLC)ocm02955324
=040  \\$aDLC$cDRB$dDRB$dUIU
=035  \\$9ARE-0394
=035  \\$9UC 12009627
=050  0\$aHF3065$b.L32
=049  \\$aUIUU
=100  1\$aLarned, J. N.$q(Josephus Nelson),$d1836-1913.
=245  10$aReport on the state of trade between the United States and British possessions in North America,$cprepared for the secretary of the Treasury ... by J. N. Larned.
=260  \\$aWashington :$bGovt. print. off.,$c1871.
=300  \\$a48 p.$c24 cm.
=651  \0$aUnited States$xCommerce$zCanada.
=651  \0$aCanada$xCommerce$zUnited States.
=910  \\$arcp2763
=994  \\$a02$bUIU
=910  \\$aMARS
=955  \\$bark:/13960/t6840140h$qreportonstateoft00larn_0
=852  8\$beresour-nc$hOnline Resource$t1
=856  41$3Full text - HathiTrust Digital Library$uhttps://hdl.handle.net/2027/uiuo.ark:/13960/t6840140h

