=LDR  01023cam a22002891  4500
=001  2700804
=005  20030804070507.0
=008  900530s1851\\\\meubf\\\\\\\\\000\0\eng\\
=003  UIUdb
=010  \\$aa  14000509 
=035  \\$a(OCoLC)ocm13633904
=040  \\$aDLC$cDRB$dDLC$dUIU
=035  \\$9ASG-1693
=035  \\$9UC 12097418
=050  00$aHE2791$b.E8915 1851a
=049  \\$aUIUU
=100  1\$aMorton, A. C.,$cengineer.
=245  10$aReport on the survey of the European and North American railway;$bmade under the authority of the state of Maine.$cBy A.C. Morton...
=260  \\$aPortland [Me.] :$bHarmon and Williams, printers,$c1851.
=300  \\$a96 p., 1 folded leaf of plates :$bmap ;$c22 cm.
=610  20$aEuropean and North American Railway.
=910  \\$arcp3689
=994  \\$a02$bUIU
=910  \\$aMARS
=955  \\$bark:/13960/t5dc47p40$qreportonsurveyof00mort
=852  8\$beresour-nc$hOnline Resource$t1
=856  41$3Full text - HathiTrust Digital Library$uhttps://hdl.handle.net/2027/uiuo.ark:/13960/t5dc47p40

