=LDR  01026cam a22002771  4500
=001  2032683
=005  20071202221805.0
=008  900530s1891\\\\enk\\\\\\\\\\f\\\\\\eng\u
=003  UIUdb
=035  \\$a(OCoLC)ocm77208030
=035  \\$9APQ-3591
=035  \\$9UC 01000069
=035  \\$auil00059273
=040  \\$dUtOrBLW
=110  1\$aGreat Britain.$bForeign Office.
=245  10$aReports from Her Majesty's consuls respecting the working of cargoes on Sunday in foreign ports.$nPart II,$pAmerica /$cpresented to both Houses of Parliament by command of her Majesty : June 1891.
=260  \\$aLondon,$c1891.
=300  \\$a19 p. ;$ccm.
=500  \\$aAt head of title: Commercial. No. 14 (1891).
=650  \0$aSunday.
=911  \\$1m$2APQ-3591$3UC 01000069$47/8/2004 8:03:42$a263.5 G79R
=913  \\$151209
=910  \\$aMARS
=955  \\$bark:/13960/t3fz3h06j$qreportsfromherma00grea_0
=852  8\$beresour-nc$hOnline Resource$t1
=856  41$3Full text - HathiTrust Digital Library$uhttps://hdl.handle.net/2027/uiuo.ark:/13960/t3fz3h06j

