=LDR  00933cam a2200277I  4500
=001  3211998
=005  20030731063427.0
=008  900530s1896\\\\nyu\\\\\\\\\\\000\0\eng\c
=003  UIUdb
=010  \\$ae  17000462 
=035  \\$a(OCoLC)ocm29907843
=040  \\$aLibrary, U.S. Bur. of Education$cCUY$dCUY$dUIU
=035  \\$9AUR-5655
=035  \\$9UC 03048264
=050  0\$aLB2351$b.R28
=049  \\$aUIUU
=245  00$aReports of the conferences on uniform entrance requirements held at Columbia University, February 1st, 1896.
=260  \\$a[New York,$c1896]
=300  \\$a16 p.$c22 cm.
=650  \0$aUniversities and colleges$zUnited States$xEntrance requirements.
=910  \\$arcp2110
=994  \\$a02$bUIU
=910  \\$aMARS
=955  \\$bark:/13960/t5p90h35f$qreportsofconfere00unse
=852  8\$beresour-nc$hOnline Resource$t1
=856  41$3Full text - HathiTrust Digital Library$uhttps://hdl.handle.net/2027/uiuo.ark:/13960/t5p90h35f

