=LDR  00742cam a2200241M  4500
=001  2034203
=005  20080105155533.0
=008  900530s1908\\\\vtu\\\\\\\\\\\000\0\eng\d
=003  UIUdb
=035  \\$a(OCoLC)ocm78324554
=040  \\$aMH$cHLS
=035  \\$9uc 03009994
=035  \\$9APQ-5119
=049  \\$aUIUU
=110  1\$aVermont.$bCommission to examine the normal schools of the state.
=245  10$aReport to the general assembly 1908.
=260  \\$aSt. Albans, Vt.$c1908.
=300  \\$a1 v.
=699  \9$a370.7V591R
=994  \\$a92$bUIU
=955  \\$bark:/13960/t6tx9jf9d$qreporttogenerala00verm
=852  8\$beresour-nc$hOnline Resource$t1
=856  41$3Full text - HathiTrust Digital Library$uhttps://hdl.handle.net/2027/uiuo.ark:/13960/t6tx9jf9d

