=LDR  01077cam a2200277K  4500
=001  2352347
=005  20080131073247.0
=008  900530m19111912bu\a\\\\\\\\\\000\0\fre\d
=003  UIUdb
=035  \\$a(OCoLC)ocm33054600
=040  \\$aNYP$cNYP$dOCLCQ
=035  \\$9AQW-6797
=035  \\$9UC 04002298
=043  \\$ae-bu---
=049  \\$aUIUU
=110  1\$aBulgaria.$bGlavna direkt͡s͡ii͡a͡ na statistikata.
=245  10$aRésultats généraux du recensement de la population dans le royaume de Bulgarie au 31 décembre 1905.$bLivre 1-2.
=260  \\$aSophia,$bImprimerie de l'état,$c1911-12.
=300  \\$a2 v.$btables.$c30 cm.
=500  \\$aAt head of title: ... Royaume de Bulgarie. Direction générale de la statistique.
=500  \\$aT.-p. and text in Bulgarian and French.
=651  \0$aBulgaria$xPopulation.
=994  \\$a92$bUIU
=955  \\$bark:/13960/t20d15d28$qresultatsgenerau00bulg_0
=852  8\$beresour-nc$hOnline Resource$t1
=856  41$3Full text - HathiTrust Digital Library$uhttps://hdl.handle.net/2027/uiuo.ark:/13960/t20d15d28

