=LDR  00958cam a22002771  4500
=001  2369754
=005  20071204223922.0
=008  900530r19031903dcu\\\\\\\\\\\\\\\\\eng\u
=003  UIUdb
=035  \\$a(OCoLC)ocm77227581
=035  \\$9AQY-4453
=035  \\$9UC 07052253
=035  \\$auil00069138
=040  \\$dUtOrBLW
=100  1\$aSpratling, William,$d1900-1967.
=245  10$aResults of brain surgery in epilepsy and congenital mental defect.
=260  \\$a[Washington,$c1903?]
=300  \\$a23 p. ;$ccm.
=500  \\$aReprinted from Proceedings of American medico-psychological association, Washington, D.C. 1903.
=650  \0$aEpilepsy.
=911  \\$1m$2AQY-4453$3UC 07052253$47/14/2004 16:10:47$a616.853 SP7RE
=913  \\$122453
=910  \\$aMARS
=955  \\$bark:/13960/t8pc96n2c$qresultsofbrainsu00spra
=852  8\$beresour-nc$hOnline Resource$t1
=856  41$3Full text - HathiTrust Digital Library$uhttps://hdl.handle.net/2027/uiuo.ark:/13960/t8pc96n2c

