=LDR  00854cam a2200265K  4500
=001  2385733
=005  20030802155837.0
=008  900530s1913\\\\nyu\\\\\\\\\\\000\0\eng\d
=003  UIUdb
=035  \\$a(OCoLC)ocm43833607
=040  \\$aNYP$cNYP$dUIU
=035  \\$9ARA-0530
=035  \\$9UC 01050189
=049  \\$aUIUU
=100  1\$aHudson, Paul Harold.
=245  12$aA resumé of the Federal Income Tax Law of 1913;$cprepared for the Empire Trust Company.
=260  \\$aNew York :$bEmpire Trust Co.,$c1913.
=300  \\$a17 (1) p. 1 l.$c8vo.
=650  \4$aIncome tax, United States, 1913.
=910  \\$arcp3211
=994  \\$a02$bUIU
=910  \\$aMARS
=955  \\$bark:/13960/t5s81ks18$qresumeoffederali00huds
=852  8\$beresour-nc$hOnline Resource$t1
=856  41$3Full text - HathiTrust Digital Library$uhttps://hdl.handle.net/2027/uiuo.ark:/13960/t5s81ks18

