=LDR  01038cam a2200301Ia 4500
=001  2445368
=005  20110426085857.0
=008  900530s1914\\\\enkd\\\\\\\\\\000\0\eng\d
=003  UIUdb
=035  \\$a(OCoLC)ocm07714656
=040  \\$aVLW$cVLW$dOCLCQ$dUIU
=035  \\$9ARG-1839
=035  \\$9UC 05097908
=090  \\$aQK643.M7$bB2
=049  \\$aUIUU
=110  1\$aBancroft, N.
=245  12$aA review of literature concerning the evolution of monocotyledons :$bwith four diagrams in the text /$cby N. Bancroft.
=260  \\$aCambridge :$bThe Botany School,$c1914.
=300  \\$a24 p. :$bill. ;$c25 cm.
=500  \\$a"Reprinted from the New Phytologist, vol. XIII, no. 9, November, 1914."
=504  \\$aList of references : p. 19-22, 24.
=650  \0$aMonocotyledons.
=910  \\$arcp2404
=994  \\$a02$bUIU
=910  \\$aMARS
=955  \\$bark:/13960/t7xm4j18r$qreviewofliteratu00banc
=852  8\$beresour-nc$hOnline Resource$t1
=856  41$3Full text - HathiTrust Digital Library$uhttps://hdl.handle.net/2027/uiuo.ark:/13960/t7xm4j18r

