=LDR  00783cam a2200265Ki 4500
=001  2680853
=005  20080222201150.0
=008  900530q18001976fr\\\\\\\\\\\\000\0\spa\d
=003  UIUdb
=035  \\$a(OCoLC)ocm25572623
=040  \\$aKKU$cKKU
=035  \\$9uc 14013670
=035  \\$9ASE-1616
=090  \\$aPQ6503.B3$bA17 18--
=049  \\$aUIUU
=100  1\$aBécquer, Gustavo Adolfo,$d1836-1870.
=245  10$aRimas completas.
=260  \\$aParis :$bC. Bouret$c[18--?]
=300  \\$a153 p. ;$c11 cm.
=500  \\$aBound in leather.
=699  \9$a865B38K1925
=994  \\$a92$bUIU
=955  \\$bark:/13960/t3c02db07$qrimascompletas00becq
=852  8\$beresour-nc$hOnline Resource$t1
=856  41$3Full text - HathiTrust Digital Library$uhttps://hdl.handle.net/2027/uiuo.ark:/13960/t3c02db07

