=LDR  01052cam a2200289 i 4500
=001  2673834
=005  20071206221656.0
=008  900530s1885\\\\dcu\\\\\\\\\\\000\0\eng\d
=003  UIUdb
=035  \\$a(OCoLC)ocm03407155
=035  \\$9ASD-4589
=035  \\$9UC 04080962
=035  \\$a(CStRLIN)RIBGR03407155-B
=040  \\$aMiD$cMiD$dRPB$dCStRLIN
=100  1\$aBreckinridge, Clifton Rodes,$d1846-1932.
=245  10$aRivers and harbors /$cSpeech of Hon. Clifton R. Breckinridge, of Arkansas, in the House of Representatives, Tuesday, February 3, 1885.
=260  \\$aWashington :$b[s. n.],$c1885.
=300  \\$a22 p. ;$c23 cm.
=650  \0$aPublic works$zUnited States.
=650  \0$aHarbors$zUnited States.
=650  \0$aRivers$zUnited States.
=911  \\$1m$2ASD-4589$3UC 04080962$46/21/2004 14:15:16$a387 B74
=913  \\$138290
=910  \\$aMARS
=955  \\$bark:/13960/t5z66qz89$qriversharbors00brec
=852  8\$beresour-nc$hOnline Resource$t1
=856  41$3Full text - HathiTrust Digital Library$uhttps://hdl.handle.net/2027/uiuo.ark:/13960/t5z66qz89

