=LDR  00897cam a2200289K  4500
=001  2672619
=005  20030801204856.0
=008  900530s1909\\\\gw\\\\\\\bm\\\000\0\ger\d
=003  UIUdb
=035  \\$a(OCoLC)ocm44458910
=040  \\$aNYP$cNYP$dUIU
=035  \\$9ASD-3367
=035  \\$9UC 03061022
=049  \\$aUIUU
=100  1\$aSiebert, Richard Julius Leopold.
=245  10$aRudolf Euckens geschichtsphilosophische Ansichten.
=260  \\$aHalle a.S. :$bBuchdruckerei des Waisenhauses,$c1909.
=300  \\$a73 (1) p.$c8vo.
=502  \\$aDissertation--Erlangen.
=504  \\$aBibliography, p. 5.
=600  14$aEucken, Rudolf.
=910  \\$arcp3770
=994  \\$a02$bUIU
=910  \\$aMARS
=955  \\$bark:/13960/t6c313s76$qrudolfeuckensges00sieb
=852  8\$beresour-nc$hOnline Resource$t1
=856  41$3Full text - HathiTrust Digital Library$uhttps://hdl.handle.net/2027/uiuo.ark:/13960/t6c313s76

