=LDR  00973cam a2200253Ia 4500
=001  2681489
=005  20110512200910.0
=008  900530s1907\\\\enk\\\\\\\\\\\000\0\eng\d
=003  UIUdb
=035  \\$a(OCoLC)ocn226502145
=040  \\$aOKT$cOKT$dUIU
=049  \\$aUIUU
=110  2\$aAmalgamated Society of Engineers.
=245  10$aRules as revised at the twelfth delegate meeting held at London, 1907 :$bin force on and from January 1st, 1908.
=260  \\$aLondon :$bCo-operative Printing Society,$c1907.
=300  \\$axxx, 192 p. ;$c15 cm.
=500  \\$a"All men are brethren."
=610  20$aAmalgamated Society of Engineers$xRules and practice.
=650  \0$aLabor unions$zGreat Britain$xRules and practice.
=650  \0$aEngineers$zGreat Britain.
=994  \\$a02$bUIU
=955  \\$bark:/13960/t3mw8nh37$qrulesasrevisedat00amal
=852  8\$beresour-nc$hOnline Resource$t1
=856  41$3Full text - HathiTrust Digital Library$uhttps://hdl.handle.net/2027/uiuo.ark:/13960/t3mw8nh37

