=LDR  00883nam a2200217Ia 4500
=001  7284613
=005  20130725141430.0
=008  840913s1839\\\\enk\\\\\\\\\\\000\0\eng\d
=003  UIUdb
=035  \\$a(OCoLC)ocm11147481
=040  \\$aEMT$cEMT
=049  \\$aUIUU
=110  2\$aCatholic Church.$bDiocese of Lincoln (England).$bBoard of Education.
=245  10$aRules of the Diocesan Board of Education, for the County of Lincoln :$bon the principles of the Established Church, passed at the General Meeting on the 24th of October, 1839.
=260  \\$aLincoln :$bPrinted by T.O. Brumby,$c1839.
=300  \\$a17 p. ;$c20 cm.
=610  20$aChurch of England$xGovernment.
=994  \\$aC0$bUIU
=955  \\$bark:/13960/t71w1qk72$qrulesofdiocesanb00cath
=852  8\$beresour-nc$hOnline Resource$t1
=856  41$3Full text - HathiTrust Digital Library$uhttps://hdl.handle.net/2027/uiuo.ark:/13960/t71w1qk72

