=LDR  00816nam a2200217Ia 4500
=001  6563890
=005  20110817141530.0
=008  110817s1891\\\\ilu\\\\\\\\\\\000\0\eng\d
=003  UIUdb
=035  \\$a(OCoLC)ocn747041896
=040  \\$aUIU$cUIU
=049  \\$aUIUU
=110  1\$aMurphysboro Water Works, Electric and Gas Light Company.
=245  10$aRules and regulations of the Murphysboro Water Works, Electric and Gas Light Co., of Murphysboro, Illinois.
=260  \\$aMurphysboro, Ill. :$bThe Independent,$c1891.
=300  \\$a9 p. ;$c21 cm.
=650  \0$aPublic utilities$zIllinois$zMurphysboro.
=994  \\$aC0$bUIU
=955  \\$bark:/13960/t2h76n22d$qrulesregulations00murp
=852  8\$beresour-nc$hOnline Resource$t1
=856  41$3Full text - HathiTrust Digital Library$uhttps://hdl.handle.net/2027/uiuo.ark:/13960/t2h76n22d

