=LDR  01088cam a2200301Ia 4500
=001  2611276
=005  20030804122143.0
=008  900530s1848\\\\stk\\\\\\\\\\\000\0\eng\d
=003  UIUdb
=035  \\$a(OCoLC)ocm09816175
=040  \\$aEMT$cEMT$dUIU
=035  \\$9ARX-1710
=035  \\$9UC 01000061
=049  \\$aUIUU
=100  1\$aThomson, Andrew,$d1814-1901.
=245  14$aThe Sabbath /$cby Andrew Thomson.
=260  \\$a[Glasgow :$bMacLehose, and Bryce, Printed by D. Russell,$c1848]
=300  \\$a16 p. ;$c21 cm.
=440  \0$aTract for the times (London) ;$vno. 3
=500  \\$a"The Sabbath not a mere judaical appointment, with examination of the more prevalent fallacies by which it has been attempted to show that the Sabbath-Law has been abolished or relaxed."
=650  \0$aSabbath.
=650  \0$aSunday legislation.
=910  \\$arcp1716
=994  \\$a02$bUIU
=910  \\$aMARS
=955  \\$bark:/13960/t8bg8wj59$qsabbath00thom
=852  8\$beresour-nc$hOnline Resource$t1
=856  41$3Full text - HathiTrust Digital Library$uhttps://hdl.handle.net/2027/uiuo.ark:/13960/t8bg8wj59

