=LDR  01073cam a2200325Ia 4500
=001  2674379
=005  20030809101124.0
=008  900530s1894\\\\it\\\\\\\d\\\\000\0\ita\d
=003  UIUdb
=035  \\$a(OCoLC)ocm00963450
=040  \\$aCOO$cCOO$dUMC$dOCLCQ$dUIU
=035  \\$9ASD-5134
=035  \\$9UC 05046886
=043  \\$ae-it---
=090  \\$aPC1983$b.R74
=049  \\$aUIUU
=100  1\$aRolla, Pietro.
=245  10$aSecondo saggio di un vocabolario etimologico sardo /$cdel Rolla Pietro.
=260  \\$aCagliari :$bTipo-Litografia Commerciale,$c1894.
=300  \\$a126 p. ;$c24 cm.
=500  \\$aCover is dated 1895.
=650  \0$aSardinian language$xEtymology.
=650  \0$aItalian language$xDialects$zItaly$zSardinia.
=650  \0$aItalian language$xDialects$zItaly$zSardinia$vDictionaries.
=910  \\$arcp0400
=994  \\$a02$bUIU
=910  \\$aMARS
=955  \\$bark:/13960/t27b0cq79$qsecondosaggiodiu00roll
=852  8\$beresour-nc$hOnline Resource$t1
=856  41$3Full text - HathiTrust Digital Library$uhttps://hdl.handle.net/2027/uiuo.ark:/13960/t27b0cq79

