=LDR  01140cam a22002651  4500
=001  3053157
=005  20071205232027.0
=008  900530s1913\\\\cau\\\\\\\\\\s\\\\\\eng\u
=003  UIUdb
=035  \\$a(OCoLC)ocm77334694
=035  \\$9ATR-9013
=035  \\$9UC 03003382
=035  \\$auil00044728
=040  \\$dUtOrBLW
=110  1\$aCalifornia.$bLegislature.$bSenate.
=245  10$aSenate bill no. 905, introduced by Senator Boynton, January 28, 1913 ... An act to promote the general welfare of the people of this state by creating and enforcing a liability on the part of employers to compensate their employees, and the dependents of such employees, for accidental injury or death in the course of the employment ...
=260  \\$aSacramento,$c1913.
=300  \\$a55 p. ;$ccm.
=650  \0$aEmployer's liability$zCalifornia.
=911  \\$1m$2ATR-9013$3UC 03003382$46/24/2004 8:01:05$a331.82 C128S
=913  \\$157001
=910  \\$aMARS
=955  \\$bark:/13960/t6257tn6s$qsenatebillno905i00cali
=852  8\$beresour-nc$hOnline Resource$t1
=856  41$3Full text - HathiTrust Digital Library$uhttps://hdl.handle.net/2027/uiuo.ark:/13960/t6257tn6s

