=LDR  01091ccm a2200313Ii 4500
=001  2677580
=005  20030801133658.0
=008  900530s1912\\\\nyu\\a\\\\\\\\\n\\\\heb\d
=003  UIUdb
=035  \\$a(OCoLC)ocm04761644
=040  \\$aVXJ$cVXJ$dOCL$dUIU
=035  \\$9ASD-8339
=035  \\$9UC 09035509
=090  \\$aM2187.R63$bS4
=049  \\$aUIUU
=100  1\$aRogers, James H.$q(James Hotchkiss),$d1857-1940.
=245  10$aService for the Sabbath evening, according to the Union Prayer Book :$bfor chorus of mixed voices with organ accompaniment /$cby James H. Rogers.
=260  \\$aNew York :$bSchirmer,$c1912.
=300  \\$ascore (31 p.) ;$c27 cm.
=500  \\$aCover title.
=500  \\$aFor mixed voices (SATB) with organ.
=500  \\$aRomanized Hebrew words.
=650  \0$aSynagogue music$vSabbath services.
=910  \\$arcp3356
=994  \\$a02$bUIU
=910  \\$aMARS
=955  \\$bark:/13960/t6257tp48$qserviceforsabbat00roge
=852  8\$beresour-nc$hOnline Resource$t1
=856  41$3Full text - HathiTrust Digital Library$uhttps://hdl.handle.net/2027/uiuo.ark:/13960/t6257tp48

