=LDR  01490cam a2200361I  4500
=001  2575226
=005  20030722060915.0
=008  900530s1919\\\\dcu\\\\\\\\\\f000\0\eng\\
=003  UIUdb
=010  \\$a   19026856 
=035  \\$a(OCoLC)ocm25718795
=040  \\$aDLC$cDOS$dDOS$dUIU
=035  \\$9ART-5461
=035  \\$9UC 12031625
=050  0\$aJX1428.C7$bA4 1919
=049  \\$aUIUU
=110  1\$aUnited States.
=240  10$aTreaties, etc.
=245  10$aSettlement of differences with Colombia.$bTreaty signed at Bogota on April 6, 1914, between the United States and the Republic of Colombia, for the settlement of their differences arising out of the events which took place on the Isthmus of Panama in November, 1903, showing the amendments suggested by the Committee on Foreign Relations.
=260  \\$aWashington :$bGovt. Print. Off.,$c1919.
=300  \\$a7 p.$c23 cm.
=490  1\$a66th Cong., 1st sess. Senate. Doc.$v64
=651  \0$aUnited States$xForeign relations$zColombia.
=651  \0$aColombia$xForeign relations$zUnited States.
=651  \0$aPanama Canal (Panama)
=710  1\$aColombia.$tTreaties, etc.
=830  \0$aSenate document (United States. Congress. Senate) ;$v66th Congress, no. 64.
=910  \\$arcp7243
=994  \\$a02$bUIU
=910  \\$aMARS
=955  \\$bark:/13960/t1gj5q771$qsettlementofdiff00unit
=852  8\$beresour-nc$hOnline Resource$t1
=856  41$3Full text - HathiTrust Digital Library$uhttps://hdl.handle.net/2027/uiuo.ark:/13960/t1gj5q771

