=LDR  01061cam a2200313I  4500
=001  2653189
=005  20030802055055.0
=008  900530s1912\\\\oncaf\\\\\\\\f000\0\eng\d
=003  UIUdb
=035  \\$a(OCoLC)ocm06102158
=040  \\$aTXA$cTXA$dUIU
=035  \\$9ASB-3841
=035  \\$9UC 07064284
=090  \\$aSF375.5.C3$bS74
=049  \\$aUIUU
=100  1\$aSpencer, J. B.$q(James Burns),$d1866-
=245  10$aSheep husbandry in Canada,$cby J. B. Spencer.
=250  \\$a2d ed.
=260  \\$a[Ottawa] :$bPublished by order of the minister of agriculture,$c1912.
=300  \\$a126 p. incl. diagrs.$bplates.
=490  0\$aDominion of Canada. Dept. of agriculture. Branch of the live stock commissioner. Bulletin$vno. 12
=650  \0$aSheep$zCanada.
=650  \0$aSheep$xBreeding$zCanada.
=910  \\$arcp3604
=994  \\$a02$bUIU
=910  \\$aMARS
=955  \\$bark:/13960/t19m0jm6n$qsheephusbandryin00spen
=852  8\$beresour-nc$hOnline Resource$t1
=856  41$3Full text - HathiTrust Digital Library$uhttps://hdl.handle.net/2027/uiuo.ark:/13960/t19m0jm6n

