=LDR  00872cam a2200277Ia 4500
=001  2465189
=005  20080205074459.0
=008  900530s1903\\\\ilu\\\\\\\\\\\000\0\eng\d
=003  UIUdb
=035  \\$a(OCoLC)ocm11391889
=040  \\$aBAI$cBAI$dOCLCQ
=035  \\$9ARI-1778
=035  \\$9UC 04004481
=043  \\$an-us---
=090  \\$aHX87$b.G548x
=049  \\$aUIUU
=100  1\$aGladys, Evelyn,$d1853-1918.
=245  10$aShoes, pigs and problems /$cby Evelyn Gladys.
=260  \\$aChicago :$bC.H. Kerr,$c[1903?]
=300  \\$a15, [5], 12 p. ;$c15 cm.
=490  0\$aPocket library of socialism ;$vno. 58
=650  \0$aSocialism$zUnited States.
=994  \\$a92$bUIU
=955  \\$bark:/13960/t0ps40j13$qshoespigsproblem00glad
=852  8\$beresour-nc$hOnline Resource$t1
=856  41$3Full text - HathiTrust Digital Library$uhttps://hdl.handle.net/2027/uiuo.ark:/13960/t0ps40j13

