=LDR  00803cam a2200265K  4500
=001  2648814
=005  20030802103939.0
=008  900530s1920\\\\enk\\\\\\\\\\\000\0\eng\d
=003  UIUdb
=035  \\$a(OCoLC)ocm44049905
=040  \\$aNYP$cNYP$dUIU
=035  \\$9ASA-9458
=035  \\$9UC 03097296
=049  \\$aUIUU
=245  02$aA sketch of the Russian Trade Union movement.
=260  \\$a[London :$bPeople's Russian Information Bureau,$c1920?]
=300  \\$a7 p.$c8vo.
=500  \\$aCaption-title.
=650  \4$aTrades unions, Russia.
=910  \\$arcp2312
=994  \\$a02$bUIU
=910  \\$aMARS
=955  \\$bark:/13960/t9480m36z$qsketchofrussiant00unse
=852  8\$beresour-nc$hOnline Resource$t1
=856  41$3Full text - HathiTrust Digital Library$uhttps://hdl.handle.net/2027/uiuo.ark:/13960/t9480m36z

