=LDR  01028cam a2200301Ia 4500
=001  2423168
=005  20030805043001.0
=008  900530s1910\\\\enk\\\\\\\\\\\000\0\eng\d
=003  UIUdb
=035  \\$a(OCoLC)ocm07210177
=040  \\$aKKU$cKKU$dUIU
=035  \\$9ARD-8209
=035  \\$9UC 09063464
=090  \\$aHD1339.G7$bJ44
=049  \\$aUIUU
=100  1\$aWilkins, Louisa Jebb.
=245  14$aThe small holdings controversy :$btenancy v. ownership /$cby Mrs. Roland Wilkins (L. Jebb) ; with an introductory letter by the Rt. Hon. Earl Carrington.
=260  \\$aLondon :$bP.S. King,$c1910.
=300  \\$a23 p. ;$c22 cm.
=650  \0$aLand tenure$zGreat Britain.
=650  \0$aLandlord and tenant$zGreat Britain.
=650  \0$aFarm tenancy$zGreat Britain.
=910  \\$arcp3902
=994  \\$a02$bUIU
=910  \\$aMARS
=955  \\$bark:/13960/t4gn4dn2r$qsmallholdingscon00wilk
=852  8\$beresour-nc$hOnline Resource$t1
=856  41$3Full text - HathiTrust Digital Library$uhttps://hdl.handle.net/2027/uiuo.ark:/13960/t4gn4dn2r

