=LDR  00788cam a2200253Ia 4500
=001  2649709
=005  20080131080710.0
=008  900530s1886\\\\nyu\\\\\\\\\\\000\0\ger\d
=003  UIUdb
=035  \\$a(OCoLC)ocm51320502
=040  \\$aINU$cINU
=035  \\$9ASB-0356
=035  \\$9UC 04058178
=049  \\$aUIUU
=100  1\$aBarkan, Louis.
=245  10$aSocialdemokratisches Staatswesen /$cvon L. Barkan.
=260  \\$aNew York :$bZu beziehen durch International News,$cc1886.
=300  \\$a24 p. ;$c16 cm.
=650  \0$aSocialism.
=650  \0$aPolitical science.
=994  \\$a92$bUIU
=955  \\$bark:/13960/t5r84jw2h$qsocialdemokratis00bark
=852  8\$beresour-nc$hOnline Resource$t1
=856  41$3Full text - HathiTrust Digital Library$uhttps://hdl.handle.net/2027/uiuo.ark:/13960/t5r84jw2h

