=LDR  00900cam a2200289Ii 4500
=001  2643681
=005  20080216180959.0
=008  900530s1894\\\\nyub\\\\\\\\\\000\0\eng\d
=003  UIUdb
=035  \\$a(OCoLC)ocm04538739
=040  \\$aGZN$cGZN$dOCLCQ
=988  \\$9uc 00016054
=035  \\$9uc 00016054
=035  \\$9ASA-4313
=043  \\$an-us-ny
=090  \\$aHN80.N5$bC48x 1894
=049  \\$aUIUU
=110  2\$aChurch Temperance Society (U.S.)
=245  10$aSocial statistics of a city parish.
=260  \\$a[New York? :$bChurch Temperance Society?,$c1894?]
=300  \\$a23 p. :$bmaps ;$c19 cm.
=651  \0$aNew York (N.Y.)$xSocial conditions.
=699  \9$a178C475S
=994  \\$a92$bUIU
=955  \\$bark:/13960/t1wf0311s$qsocialstatistics00chur
=852  8\$beresour-nc$hOnline Resource$t1
=856  41$3Full text - HathiTrust Digital Library$uhttps://hdl.handle.net/2027/uiuo.ark:/13960/t1wf0311s

