=LDR  01047cam a2200289Ia 4500
=001  6256158
=005  20100713111200.0
=008  821018s1872\\\\gw\\\\\\\b\\\\000\0\ger\d
=003  UIUdb
=035  \\$a(OCoLC)ocm08870461
=040  \\$aEMT$cEMT$dNLGGC$dOCLCG$dUIU
=084  \\$a08.31$2bcl
=084  \\$a08.38$2bcl
=049  \\$aUIUU
=100  1\$aKaftan, Julius,$d1848-1926.
=245  10$aSollen und sein in ihrem Verhältniss zu einander :$beine Studie zur Kritik Herbarts /$cvon Julius Kaftan.
=260  \\$aLeipzig :$bE. Pöschel,$c1872.
=300  \\$a80 p. ;$c22 cm.
=500  \\$aOriginally presented as the author's thesis (doctoral)--Universität Leipzig, 1872.
=504  \\$aIncludes bibliographical references.
=500  \\$aVita.
=600  10$aHerbart, Johann Friedrich,$d1776-1841.
=650  \0$aEthics.
=994  \\$aC0$bUIU
=955  \\$bark:/13960/t5r84jq5q$qsollenundseinini00kaft_0
=852  8\$beresour-nc$hOnline Resource$t1
=856  41$3Full text - HathiTrust Digital Library$uhttps://hdl.handle.net/2027/uiuo.ark:/13960/t5r84jq5q

