=LDR  00962cam a22002771  4500
=001  2648120
=005  20130619113932.0
=008  900530r19161916wiu\\\\\\\\\\\00|\|\eng\u
=003  UIUdb
=035  \\$a(OCoLC)ocm77310563
=035  \\$9ASA-8762
=035  \\$9UC 03055805
=035  \\$a(UtOrBLW)bslw00221559
=040  \\$aUtOrBLW$cUtOrBLW
=100  1\$aWindsor, Phineas L.$q(Phineas Lawrence),$d1871-1965.
=245  10$aSome American university libraries we should know.
=260  \\$a[Madison,$c1916]
=300  \\$a4 p. ;$ccm.
=440  \0$aAmerican libraries ;$v5
=500  \\$aReprint from Wisconsin library bulletin, May, 1916.
=650  \0$aLibraries, University.
=911  \\$a027.7 W76S$1m$2ASA-8762$3UC 03055805$44/9/2004 13:59:35
=910  \\$aMARS
=955  \\$bark:/13960/t4tj4qt4r$qsomeamericanuniv00wind_0
=852  8\$beresour-nc$hOnline Resource$t1
=856  41$3Full text - HathiTrust Digital Library$uhttps://hdl.handle.net/2027/uiuo.ark:/13960/t4tj4qt4r

