=LDR  01140cam a2200289Ii 4500
=001  2647293
=005  20170721082801.0
=008  900530s1915\\\\xx\\\\\\\\\\\\000\0\eng\d
=003  UIUdb
=035  \\$a(OCoLC)ocn994221167
=040  \\$aUIU$beng$erda$cUIU
=092  \\$a330$bJ135s
=049  \\$aUIUU
=100  1\$aJackson, John Price,$d1868-$eauthor.
=245  10$aSome industrial lessons of the European war /$cby John Price Jackson.
=264  \1$a[Place of publication not identified] :$b[publisher not identified],$c1915.
=300  \\$a6 pages ;$c25 cm
=336  \\$atext$btxt$2rdacontent
=337  \\$aunmediated$bn$2rdamedia
=338  \\$avolume$bnc$2rdacarrier
=500  \\$aCaption title.
=500  \\$aReprinted from The Annals of the American Academy of Political and Social Science, Philadelphia, September, 1915. Publcation no. 923.
=650  \0$aWorld War, 1914-1918$xEconomic aspects$zUnited States.
=994  \\$aC0$bUIU
=955  \\$bark:/13960/t1tf61104$qsomeindustrialle00jack
=852  8\$beresour-nc$hOnline Resource$t1
=856  41$3Full text - HathiTrust Digital Library$uhttps://hdl.handle.net/2027/uiuo.ark:/13960/t1tf61104

