=LDR  01394cam a2200301Ia 4500
=001  2645149
=005  20080131080538.0
=008  900530s1841\\\\enk\\\\\\\\\\\000\0\eng\d
=003  UIUdb
=035  \\$a(OCoLC)ocm33167270
=040  \\$aCOI$cCOI
=035  \\$9ASA-5783
=035  \\$9UC 01009460
=043  \\$ae-uk-en
=090  \\$aBX5095.N585$bP455 1841
=049  \\$aUIUU
=100  1\$aPhillipps, Ambrose Lisle,$d1809-1878.
=245  10$aSome remarks on a letter addressed to the Reverend R.W. Jelf, D.D., Canon of Christ Church, in explanation of no. 90 :$bin the series called the Tracts for the times /$cby Ambrose Lisle Phillipps.
=260  \\$aLondon :$bCharles Dolman,$c1841.
=300  \\$a24 p. ;$c22 cm.
=500  \\$aTract no. 90 is J.H. Newman's Remarks on certain passages in the Thirty-nine Articles.
=600  10$aNewman, John Henry,$d1801-1890.$tLetter addressed to the Rev. R.W. Jelf, D.D., Canon of Christ Church, in explanation of No. 90, in the series called the Tracts for the times.
=600  10$aNewman, John Henry,$d1801-1890.$tRemarks on certain passages in the Thirty-nine Articles.
=600  10$aJelf, R. W.$q(Richard William),$d1798-1871.
=994  \\$a92$bUIU
=955  \\$bark:/13960/t0006br1j$qsomeremarksonlet00phil
=852  8\$beresour-nc$hOnline Resource$t1
=856  41$3Full text - HathiTrust Digital Library$uhttps://hdl.handle.net/2027/uiuo.ark:/13960/t0006br1j

