=LDR  01361cam a2200373Ia 4500
=001  2644626
=005  20030719100257.0
=008  900530s1892\\\\mau\\\\\\\\\\\000\0\eng\\
=003  UIUdb
=010  \\$a   10011998 
=035  \\$a(OCoLC)ocm17997903
=040  \\$aDLC$cRWB$dWIH$dUIU
=035  \\$9ASA-5260
=035  \\$9UC 00079836
=043  \\$an-us-ri
=050  0\$aF80$b.F75
=049  \\$aUIUU
=100  1\$aFoster, William E.$q(William Eaton),$d1851-1930.
=245  10$aSome Rhode Island contributions to the intellectual life of the last century /$cby William E. Foster.
=260  \\$aWorcester, Mass. :$bPress of Charles Hamilton,$c1892.
=300  \\$a32 p. ;$c26 cm.
=440  \0$aProceedings of the American Antiquarian Society.
=500  \\$a"From Proceedings of the American Antiquarian Society, at the semi-annual meeting, April 27, 1892."
=504  \\$aIncludes bibliographical references.
=651  \0$aRhode Island$xSocial life and customs.
=651  \0$aRhode Island$xIntellectual life.
=650  \0$aIntellectual life.
=650  \0$aIntellectuals$zRhode Island.
=910  \\$arcp7243
=994  \\$a02$bUIU
=910  \\$aMARS
=955  \\$bark:/13960/t9189hk4h$qsomerhodeislandc00fost_0
=852  8\$beresour-nc$hOnline Resource$t1
=856  41$3Full text - HathiTrust Digital Library$uhttps://hdl.handle.net/2027/uiuo.ark:/13960/t9189hk4h

