=LDR  01082ccm a2200325Ia 4500
=001  2469154
=005  20030802133117.0
=008  900530s1912\\\\mausg\\\\\\\\\\n\\\\eng\d
=003  UIUdb
=035  \\$a(OCoLC)ocm23065077
=040  \\$aILU$cILU$dUIU
=028  22$aB.M. Co. 2880$bG. Schirmer
=035  \\$9ARI-5752
=035  \\$9UC 09036537
=090  \\$aM1621.J71$bS6
=049  \\$aUIUU
=100  1\$aJohnson, William Spencer,$db. 1883.
=245  10$aSong for June /$cWilliam Spencer Johnson ; [based on a poem by] W.G. Tinckom-Fernandez.
=260  \\$aBoston :$bG. Schirmer,$cc1912.
=300  \\$a1 score (6 p.) ;$cc1912.
=500  \\$aCaption title.
=500  \\$a"Songs with piano accompaniment by Wm. Spencer Johnson."-Cover.
=650  \0$aSongs (Low voice) with piano.
=700  1\$aTinckom-Fernandez, W. G.
=910  \\$arcp3356
=994  \\$a02$bUIU
=910  \\$aMARS
=955  \\$bark:/13960/t1ck4mb18$qsongforjune00john
=852  8\$beresour-nc$hOnline Resource$t1
=856  41$3Full text - HathiTrust Digital Library$uhttps://hdl.handle.net/2027/uiuo.ark:/13960/t1ck4mb18

