=LDR  00844cam a2200253Ka 4500
=001  6459848
=005  20110222111201.0
=008  840123s1916\\\\maua\\\\\\\\\\000\p\eng\d
=003  UIUdb
=035  \\$a(OCoLC)ocm10328457
=040  \\$aDRB$cDRB$dMEA
=050  \4$aPS3523.A35$bS6 1916
=082  04$a816$bL1423, W61
=049  \\$aUIUU
=100  1\$aLaighton, Oscar,$d1839-1939.
=245  10$aSongs from Appledore /$cby Oscar Laighton.
=246  14$aSongs and sonnets from Appledore
=260  \\$a[Cambridge, Mass. :$bThe Riverside Press],$c1916.
=300  \\$a39 p. :$bill. ;$c16 cm.
=590  1\$aCARLI Last Copy Program.
=994  \\$aC0$bUIU
=955  \\$bark:/13960/t7np88q7n$qsongsfromappledo00laig_0
=852  8\$beresour-nc$hOnline Resource$t1
=856  41$3Full text - HathiTrust Digital Library$uhttps://hdl.handle.net/2027/uiuo.ark:/13960/t7np88q7n

