=LDR  00772nam a2200229Ia 4500
=001  6562656
=005  20110815142122.0
=008  110815s1877\\\\nyug\\\\\\\\\\000\0\eng\d
=003  UIUdb
=035  \\$a(OCoLC)ocn746792654
=040  \\$aUIU$cUIU
=049  \\$aUIUU
=245  00$aSongs of the Delta Upsilon Fraternity.
=260  \\$aNew York :$bAntheneum,$c1877.
=300  \\$a48 p. :$bmusic ;$c24 cm.
=500  \\$aFrontispiece engraving.
=650  \0$aFraternity songs$y19th century.
=650  \0$aGreek letter societies$zNew York (State)$y19th century.
=994  \\$aC0$bUIU
=955  \\$bark:/13960/t2w43zk9g$qsongsofdeltaupsi00unse
=852  8\$beresour-nc$hOnline Resource$t1
=856  41$3Full text - HathiTrust Digital Library$uhttps://hdl.handle.net/2027/uiuo.ark:/13960/t2w43zk9g

