=LDR  01297cam a2200349I  4500
=001  1493181
=005  20171002092059.0
=008  740517s1856\\\\dcu\\\\\\\\\\\000\0\eng\\
=003  UIUdb
=010  \\$a   11012568 
=035  \\$a(OCoLC)ocm00889944
=040  \\$aDLC$beng$cRRR$dOCL$dOCLCQ$dOCLCG$dCLU$dOCLCF$dOCLCO$dOCLCQ
=043  \\$an-us---
=050  04$aE449$b.W515
=082  \4$a326.4
=049  \\$aUIUU
=100  1\$aWeston, George M.$q(George Melville),$d1816-1887.
=245  10$aSouthern slavery reduces northern wages.$bAn address$cby George M. Weston, of Maine, delivered in Washington, D.C., March 25, 1856.
=260  \\$a[Washington],$c[1856]
=300  \\$a8 pages$c23 cm
=336  \\$atext$btxt$2rdacontent
=337  \\$aunmediated$bn$2rdamedia
=338  \\$avolume$bnc$2rdacarrier
=500  \\$aCaption title.
=650  \0$aSlavery$zUnited States$vControversial literature.
=650  \7$aSlavery.$2fast$0(OCoLC)fst01120426
=651  \7$aUnited States.$2fast$0(OCoLC)fst01204155
=655  \7$aControversial literature.$2fast$0(OCoLC)fst01423907
=994  \\$aC0$bUIU
=955  \\$bark:/13960/t84j6qf7x$qsouthernslaveryr00west_0
=852  8\$beresour-nc$hOnline Resource$t1
=856  41$3Full text - HathiTrust Digital Library$uhttps://hdl.handle.net/2027/uiuo.ark:/13960/t84j6qf7x

