=LDR  00957cam a2200265K  4500
=001  2429375
=005  20030806140956.0
=008  900530s1853\\\\dcu\\\\\\\\\\\000\0\eng\d
=003  UIUdb
=035  \\$a(OCoLC)ocm27790041
=040  \\$aYUS$cYUS$dOCLCQ$dUIU
=035  \\$9ARE-4439
=035  \\$9UC 17035825
=049  \\$aUIUU
=100  1\$aSmith, Truman,$d1791-1884.
=245  10$aSpeech ... in support of the bill reported by Mr. Rusk ... for the construction of a railroad and telegraph line from the Mississippi valley to the Pacific Ocean,$bdelivered in the United States Senate, February 17, 1853.
=260  \\$a[Washington],$c1853.
=300  \\$a8 p.$c23 cm.
=500  \\$aCaption title.
=910  \\$arcp2268
=994  \\$a02$bUIU
=910  \\$aMARS
=955  \\$bark:/13960/t7gr34c68$qspeechinsupporto00smit
=852  8\$beresour-nc$hOnline Resource$t1
=856  41$3Full text - HathiTrust Digital Library$uhttps://hdl.handle.net/2027/uiuo.ark:/13960/t7gr34c68

