=LDR  01213cam a2200313Ii 4500
=001  2465167
=005  20030730135824.0
=008  900530s1884\\\\txu\\\\\\\\\\\000\0\eng\d
=003  UIUdb
=035  \\$a(OCoLC)ocm04212785
=040  \\$aIYU$cIYU$dUIU
=035  \\$9ARI-1756
=035  \\$9UC 04003190
=090  \\$aHD241$b.T47x
=049  \\$aUIUU
=100  1\$aTerrell, Alexander Watkins,$d1827-1912.
=245  10$aSpeech of Hon. A. W. Terrell delivered in the Senate of Texas, January 21, 1884 :$bon Senate bill no. 2, entitled "An Act to regulate the grazing of stock in Texas and to prescribe and provide penalties for its violation," /$creported by Thos. H. Wheless.
=260  \\$a[s.l. :$bs.n.],$c1884$e(Austin :$fE. W. Swindells, state printer)
=300  \\$a24 p. ;$c24 cm.
=650  \0$aGrazing$zTexas.
=650  \0$aPasture, Right of$zTexas.
=650  \0$aAnimal industry$xLaw and legislation$zTexas.
=700  1\$aWheless, Thomas H.
=910  \\$arcp1723
=994  \\$a02$bUIU
=910  \\$aMARS
=955  \\$bark:/13960/t9p333d27$qspeechofhonawter00terr
=852  8\$beresour-nc$hOnline Resource$t1
=856  41$3Full text - HathiTrust Digital Library$uhttps://hdl.handle.net/2027/uiuo.ark:/13960/t9p333d27

