=LDR  01102cam a2200313I  4500
=001  2465824
=005  20030809053103.0
=008  900530s1911\\\\gw\\\\\\\\\\\\000\0\ger\c
=003  UIUdb
=010  \\$ae  13001483 
=035  \\$a(OCoLC)ocm29976408
=040  \\$aLibrary, U.S. Bur. of Education$cCUY$dOCLCQ$dUIU
=035  \\$9ARI-2416
=035  \\$9UC 04073316
=050  0\$aLC1091.D4$bG8
=049  \\$aUIUU
=100  1\$aGröndahl, Christen.
=245  10$aStaatsbürgerliche erziehung in Dänemark,$cvon Christen Gröndahl.
=260  \\$aLeipzig;$aBerlin :$bB.G. Teubner,$c1911.
=300  \\$a2 p. l., 49 p.$c24 cm.
=440  \0$aSchriften der Vereinigung für staatsbürgerliche bildung u. erziehung (E.V.)$v2
=650  \0$aEducation and citizenship$zDenmark.
=650  \0$aPolitical science$xStudy and teaching$zDenmark.
=910  \\$arcp0400
=994  \\$a02$bUIU
=910  \\$aMARS
=955  \\$bark:/13960/t07x2kt6q$qstaatsburgerlich00gron
=852  8\$beresour-nc$hOnline Resource$t1
=856  41$3Full text - HathiTrust Digital Library$uhttps://hdl.handle.net/2027/uiuo.ark:/13960/t07x2kt6q

