=LDR  00833cam a22002411  4500
=001  2464681
=005  20071205233157.0
=008  900530s1922\\\\wiu\\\\\\\\\\\\\\\\\eng\u
=003  UIUdb
=035  \\$a(OCoLC)ocm77299978
=035  \\$9ARI-1268
=035  \\$9UC 03047331
=035  \\$aurb00071787
=040  \\$dUtOrBLW
=100  1\$aFitzpatrick, Edward A.$q(Edward Augustus),$d1884-1960.
=245  10$aState and local administration of continuation schools.
=260  \\$aMadison, Wis.,$c1922.
=300  \\$a26 p. ;$ccm.
=440  \0$aWisconsin's educational horizon ;$vv. 4, no. 4, pt. 2
=650  \0$aContinuation schools$zWisconsin.
=955  \\$bark:/13960/t26b3bt15$qstatelocaladmini00fitz
=852  8\$beresour-nc$hOnline Resource$t1
=856  41$3Full text - HathiTrust Digital Library$uhttps://hdl.handle.net/2027/uiuo.ark:/13960/t26b3bt15

