=LDR  00936cam a22002411  4500
=001  2471690
=005  20080123225607.0
=008  900530s1914\\\\ctu\\\\\\\\\\\\\\\\\eng\u
=003  UIUdb
=035  \\$a(OCoLC)ocm77300932
=035  \\$9ARI-8294
=035  \\$9UC 12097391
=035  \\$aurb00067222
=040  \\$dUtOrBLW
=100  1\$aElliott, Howard.
=245  10$a[Statement relating to the proposed agreement with the Attorney-General of the United States, submitted to the stockholders of the New York, New Haven and Hartford Railway Company].
=260  \\$aNew Haven, Conn.,$c1914.
=300  \\$a22 p. ;$ccm.
=610  20$aNew York, New Haven and Hartford Railroad.
=911  \\$1m$2ARI-8294$3UC 12097391$48/4/2004 16:39:37$a385.4 EL5S
=955  \\$bark:/13960/t56f22j5p$qstatementrelatin00elli
=852  8\$beresour-nc$hOnline Resource$t1
=856  41$3Full text - HathiTrust Digital Library$uhttps://hdl.handle.net/2027/uiuo.ark:/13960/t56f22j5p

