=LDR  01181cam a2200301Ii 4500
=001  7315009
=005  20130913152636.0
=008  130913s1913\\\\paua\\\\\\\\\s000\0\eng\d
=003  UIUdb
=035  \\$a(OCoLC)ocn858052507
=040  \\$aUIU$beng$cUIU$erda$dUIU
=043  \\$an-us-pa
=049  \\$aUIUU
=245  00$aState Normal School of the fourth district, East Stroudsburg, Pa.
=264  \1$a[East Stroudsburg, Pa.] :$b[East Stroudsburg State Normal School],$c[1913?]
=264  \3$aStroundsburg :$bDaily Record Print,$c[1913?]
=300  \\$a30 unnumbered pages :$ball illustrations ;$c16 x 24 cm
=336  \\$atext$btxt$2rdacontent
=337  \\$aunmediated$bn$2rdamedia
=338  \\$avolume$bnc$2rdacarrier
=500  \\$aThe last leaf is blank.
=610  20$aEast Stroudsburg State Normal School$vPictorial works.
=650  \0$aTeachers colleges$zPennsylvania$zEast Stroudsburg$vPictorial works.
=710  2\$aEast Stroudsburg State Normal School.
=994  \\$aC0$bUIU
=955  \\$bark:/13960/t52g3xv5j$qstatenormalschoo00east
=852  8\$beresour-nc$hOnline Resource$t1
=856  41$3Full text - HathiTrust Digital Library$uhttps://hdl.handle.net/2027/uiuo.ark:/13960/t52g3xv5j

