=LDR  00891cam a2200277I  4500
=001  7224862
=005  20130507120054.0
=008  790915s1911\\\\nyu\\\\\\\\\\\000\0\eng\d
=003  UIUdb
=035  \\$a(OCoLC)ocm05378154
=040  \\$aCLE$beng$cCLE$dOCLCQ$dYOM$dOCLCQ
=043  \\$an-us-ny
=050  14$aLB1920$b.U58 1911
=092  \\$a370.7$bN481
=049  \\$aUIUU
=110  2\$aUniversity of the State of New York.
=245  10$aState normal schools.
=260  \\$aAlbany,$bNew York State Education Dept.,$c1911.
=300  \\$a37 p.
=650  \0$aTeachers$xTraining of.
=650  \0$aTeachers colleges$zNew York (State)
=650  \0$aEducation$zNew York (State)
=994  \\$aC0$bUIU
=955  \\$bark:/13960/t7xm4hv07$qstatenormalschoo00univ
=852  8\$beresour-nc$hOnline Resource$t1
=856  41$3Full text - HathiTrust Digital Library$uhttps://hdl.handle.net/2027/uiuo.ark:/13960/t7xm4hv07

