=LDR  01469cam a2200349Ia 4500
=001  2646073
=005  20170721142545.0
=008  900530s1905\\\\xxu\\\\\\\\\\\000\0\eng\d
=003  UIUdb
=035  \\$a(OCoLC)ocm26596043
=040  \\$aNOC$beng$cNOC$dOCLCQ$dOCLCG$dOCLCQ$dGZM$dOCLCF$dOCLCQ$dFKS$dOCL
=043  \\$an-us---
=050  \4$aHE2757$b.S64 1905
=049  \\$aUIUU
=100  1\$aSpencer, Samuel,$d1847-1906.
=245  12$aA step toward paternalism :$ban address /$cdelivered by Samuel Spencer before the annual convention of the National Association of Manufacturers at Atlanta, Ga., May 17, 1905.
=260  \\$a[Place of publication not identified] :$b[publisher not identified],$c[1905]
=300  \\$a8 pages ;$c23 cm
=336  \\$atext$btxt$2rdacontent
=337  \\$aunmediated$bn$2rdamedia
=338  \\$avolume$bnc$2rdacarrier
=500  \\$aCover title.
=650  \0$aRailroads and state$zUnited States.
=650  \0$aInterstate commerce.
=650  \7$aInterstate commerce.$2fast$0(OCoLC)fst00977523
=650  \7$aRailroads and state.$2fast$0(OCoLC)fst01089339
=651  \7$aUnited States.$2fast$0(OCoLC)fst01204155
=710  2\$aNational Association of Manufacturers (U.S.).$bConvention$n(10th :$d1905 :$cAtlanta, Ga.)
=994  \\$aC0$bUIU
=955  \\$bark:/13960/t9674p315$qsteptowardpatern00spen
=852  8\$beresour-nc$hOnline Resource$t1
=856  41$3Full text - HathiTrust Digital Library$uhttps://hdl.handle.net/2027/uiuo.ark:/13960/t9674p315

