=LDR  01293cam a2200325 i 4500
=001  2691052
=005  20161118112808.0
=008  900530s1888\\\\gw\\\\\\\\\\\\000\0\ger\d
=003  UIUdb
=035  \\$9ASF-1896
=035  \\$9UC 04093803
=035  \\$a(OCoLC)ocm03760414
=035  \\$a(CStRLIN)RIBGR03760414-B
=035  \\$a(uiucDB)2691052
=040  \\$aGU$cGU$dRPB$dCStRLIN
=100  1\$aGolther, Wolfgang,$d1863-1945.
=245  10$aStudien zur germanischen Sagengeschichte /$cvon Wolfgang Golther.
=260  \\$aMünchen :$bVerlag der k. Akademie : in Commission bei G. Franz,$c1888.
=300  \\$a106 p. ;$c28 cm.
=500  \\$a"Aus den Abhandlungen der k. bayer. Akademie der Wiss. I. Cl., XVIII. Bd., II. Abth."
=500  \\$aPreservation facsimile.
=505  0\$aDer Valkyrjenmythus.--Über das Verhältniss der nordischen und deutschen Form der Nibelungensage.
=500  \\$aDisbound Original Held in Oak Street Library Facility.
=630  00$aNibelungenlied.
=650  \0$aNibelungen.
=650  \0$aSagas$xHistory and criticism.
=650  \0$aValkyries (Norse mythology)
=955  \\$bark:/13960/t7tn3f41h$qstudienzurgerman00golt
=852  8\$beresour-nc$hOnline Resource$t1
=856  41$3Full text - HathiTrust Digital Library$uhttps://hdl.handle.net/2027/uiuo.ark:/13960/t7tn3f41h

