=LDR  01083cam a2200337I  4500
=001  2929643
=005  20030731042800.0
=008  900530s1922\\\\enk\\\\\\b\\\\000\0\eng\d
=003  UIUdb
=010  \\$a   23000390 
=035  \\$a(OCoLC)ocm10836039
=040  \\$aClark Univ. Libr.$cBUF$dOCL$dUIU
=035  \\$9ATD-4162
=035  \\$9UC 00028123
=050  0\$aLC1091$b.C55
=049  \\$aUIUU
=100  1\$aCoe, George Allen.
=245  12$aA study in civic training,$cby George Allen Coe.
=260  \\$a[Worcester,$c1922]
=300  \\$acover-title, 27 p.$bdiagrs.$c23 cm.
=502  \\$aThesis (Ph. D.)--Clark University, 1922.
=500  \\$a"Reprinted from the Pedagogical seminary, vol. XXIX, no. 3, September, 1922."
=504  \\$aBibliography: p. 26-27.
=650  \0$aEducation.
=650  \0$aCitizenship.
=910  \\$arcp1326
=994  \\$a02$bUIU
=910  \\$aMARS
=955  \\$bark:/13960/t6h197b3p$qstudyincivictrai00coeg
=852  8\$beresour-nc$hOnline Resource$t1
=856  41$3Full text - HathiTrust Digital Library$uhttps://hdl.handle.net/2027/uiuo.ark:/13960/t6h197b3p

