=LDR  00883cam a22002891  4500
=001  3026680
=005  20071205221917.0
=008  900530r1902uuuuxx\\\\\\\\\\\\\\\\\\eng\u
=003  UIUdb
=035  \\$a(OCoLC)ocm77332185
=035  \\$9ATP-1376
=035  \\$9UC 00013012
=035  \\$a(UtOrBLW)bslw00223337
=040  \\$aUtOrBLW$cUtOrBLW
=100  1\$aDexter, Edwin Grant.
=245  10$aStudy of calms.
=260  \\$a[S.l.]
=300  \\$ap. [521]-528 ;$ccm.
=500  \\$aReprinted fr. Popular science monthly, Sept. 1902.
=500  \\$aNo t.-p.
=650  \0$aWeather.
=650  \0$aPsychology.
=911  \\$a150 D52S$1m$2ATP-1376$3UC 00013012$43/29/2004 9:21:13
=910  \\$aMARS
=955  \\$bark:/13960/t57d93784$qstudyofcalms00dext
=852  8\$beresour-nc$hOnline Resource$t1
=856  41$3Full text - HathiTrust Digital Library$uhttps://hdl.handle.net/2027/uiuo.ark:/13960/t57d93784

