=LDR  01682cam a2200385Ia 4500
=001  2672151
=005  20170117151357.0
=007  hd\afv---baca
=008  900530s1802\\\\enk\\\\\a\\\\\000\0\eng\d
=003  UIUdb
=035  \\$a(OCoLC)ocm16726511
=040  \\$aTXA$beng$cGKR$dOCL$dZWZ$dOCLCQ$dOCLCF$dOCLCQ
=019  \\$a535451759
=029  1\$aNZ1$b11708190
=029  1\$aZWZ$b138084122
=043  \\$ae-uk---
=050  \4$aHB161$b.G64 no. 18590
=082  04$a330$bG62
=049  \\$aUIUU
=100  1\$aScott, William,$cBaron Stowell of Stowell Park,$d1745-1836.
=245  10$aSubstance of the speech of the Right Honourable Sir William Scott :$bdelivered in the House of Commons, Wednesday, April 7, 1802, upon a motion for leave to bring in a bill, relative to the non-residence of the clergy, and other affairs of the Church.
=260  \\$aLondon :$bCobbett and Morgan :$bWhite,$c1802.
=300  \\$a58 pages
=336  \\$atext$btxt$2rdacontent
=337  \\$amicroform$bh$2rdamedia
=338  \\$amicrofilm reel$bhd$2rdacarrier
=533  \\$aMicrofilm.$bNew Haven, Conn. :$cResearch Publications,$d[1978].$e1 microfilm reel ; 35 mm.$f(Goldsmiths'-Kress library of economic literature ; no. 18590).$7s1978    ctun a
=610  20$aChurch of England$xClergy.
=610  27$aChurch of England.$2fast$0(OCoLC)fst00532932
=650  \7$aClergy.$2fast$0(OCoLC)fst00864014
=830  \0$aGoldsmiths'-Kress library of economic literature ;$vno. 18590.
=994  \\$aC0$bUIU
=955  \\$bark:/13960/t06x5jz5f$qsubstanceofspeec00scot
=852  8\$beresour-nc$hOnline Resource$t1
=856  41$3Full text - HathiTrust Digital Library$uhttps://hdl.handle.net/2027/uiuo.ark:/13960/t06x5jz5f

