=LDR  01013cam a2200289Ii 4500
=001  2704016
=005  20030806120255.0
=008  900530s1920\\\\gw\\\\\\\\\\\\000\0\ger\d
=003  UIUdb
=035  \\$a(OCoLC)ocm02822071
=040  \\$aMHR$cMHR$dOCL$dUIU
=035  \\$9ASG-4911
=035  \\$9UC 16059072
=090  \\$aD576.G5$bS4
=092  \\$a940.367$bS462s
=049  \\$aUIUU
=100  1\$aSeitz, Theodor,$d1863-
=245  10$aSüdafrika im Weltkriege :$bder Zusammenbruch in Deutsch-Südwestafrika : die Politik der Südafrikanischen Union während des Grossen Krieges : Weltfriede? /$cvon Dr. Seitz.
=260  \\$aBerlin :$bD. Reimer (E. Vohsen) A.-G.,$c1920.
=300  \\$a111 p.
=650  \0$aWorld War, 1914-1918$xCampaigns$zNamibia.
=910  \\$arcp3596
=994  \\$a02$bUIU
=910  \\$aMARS
=955  \\$bark:/13960/t3xt1xb66$qsudafrikaimweltk00seit
=852  8\$beresour-nc$hOnline Resource$t1
=856  41$3Full text - HathiTrust Digital Library$uhttps://hdl.handle.net/2027/uiuo.ark:/13960/t3xt1xb66

