=LDR  01028cam a2200277K  4500
=001  2747417
=005  20030804090438.0
=008  900530s1852\\\\enk\\\\\\\\\\\000\0\eng\d
=003  UIUdb
=035  \\$a(OCoLC)ocm44730754
=040  \\$aNYP$cNYP$dUIU
=035  \\$9ASK-8637
=035  \\$9UC 12098940
=049  \\$aUIUU
=100  1\$aWebb, C. Locock$q(Charles Locock),$d1822-1898.
=245  10$aSuggestions on the present condition of Ireland,$band on government aid for carrying out an efficient railway system.$cBy C. Locock Webb, esq. ...
=260  \\$aLondon :$bSmith, Elder, & Co. [etc., etc.],$c1852.
=300  \\$a46 p. incl. tables.$c25 cm.
=650  \4$aEconomic history$zGreat Britain$zIreland.
=650  \4$aRailways$xEconomics$zGreat Britain$zIreland.
=910  \\$arcp3254
=994  \\$a02$bUIU
=910  \\$aMARS
=955  \\$bark:/13960/t0zq07p2j$qsuggestionsonpre00webb
=852  8\$beresour-nc$hOnline Resource$t1
=856  41$3Full text - HathiTrust Digital Library$uhttps://hdl.handle.net/2027/uiuo.ark:/13960/t0zq07p2j

