=LDR  00791cam a22002411  4500
=001  2231638
=005  20071129225645.0
=008  900530s189u\\\\fr\\\\\\\\\\\\\\\\\\fre\u
=003  UIUdb
=035  \\$a(OCoLC)ocm77219460
=035  \\$9AQK-3763
=035  \\$9UC 06024560
=035  \\$aurb00064904
=040  \\$dUtOrBLW
=100  1\$aDuhem, Pierre Maurice Marie,$d1861-1816.
=245  10$aSur l'egalité de Clausius.
=260  \\$aParis,$c[189-?]
=300  \\$ap. 175-190 ;$ccm.
=500  \\$aExtrait du Journal de mathématiques, pures et appliquées, anne 18.
=650  \0$aThermodynamics.
=955  \\$bark:/13960/t7gr34604$qsurlegalitedecla00duhe
=852  8\$beresour-nc$hOnline Resource$t1
=856  41$3Full text - HathiTrust Digital Library$uhttps://hdl.handle.net/2027/uiuo.ark:/13960/t7gr34604

