=LDR  00776cam a2200253K  4500
=001  2687095
=005  20030806151414.0
=008  900530s1910\\\\enk\\\\\\\\\\o000\0\eng\d
=003  UIUdb
=035  \\$a(OCoLC)ocm36901800
=040  \\$aNLW$cNLW$dUIU
=035  \\$9ASE-7922
=035  \\$9UC 00016091
=049  \\$aUIUU
=110  1\$aGreat Britain.$bScottish Education Dept.
=245  10$aSyllabuses of lessons on "temperance" for use in schools.
=260  \\$aLondon :$bH.M.S.O.,$c1910.
=300  \\$a20 p.$c24 cm.
=910  \\$arcp2751
=994  \\$a02$bUIU
=910  \\$aMARS
=955  \\$bark:/13960/t9n362r24$qsyllabusesofless00grea
=852  8\$beresour-nc$hOnline Resource$t1
=856  41$3Full text - HathiTrust Digital Library$uhttps://hdl.handle.net/2027/uiuo.ark:/13960/t9n362r24

