=LDR  01186nam a2200289Ia 4500
=001  6509081
=005  20110505093637.0
=008  110505s18uu\\\\fr\\\\\\\\\\\\000\0\fre\d
=003  UIUdb
=035  \\$a(OCoLC)ocn720277334
=040  \\$aUIU$cUIU
=041  1\$afre$heng
=049  \\$aUIUU
=100  1\$aDe La Beche, Henry T.$q(Henry Thomas),$d1796-1855.
=245  10$aTableau et couple proportionnelle des terrains supérieurs, supermédiaires et médiaires :$bterrains terciaires et secondaires /$ctraduit de l'anglais, par C. G. et A. G., sur la deuxième édition de M. Henry Labèche.
=250  \\$a2e. ed.
=260  \\$a[S.l ] :$bImprimerie de David,$c[18uu?]
=300  \\$a3 p ;$c20 cm.
=500  \\$a"Pour paraître dans le courant de Septembre, prospectus."
=546  \\$aText in French; translated from the original English text.
=650  \0$aGeology.
=650  \0$aGeomorphology.
=700  1\$aSchincke, Johann Christian Gotthelf$d1782-1839.
=994  \\$aC0$bUIU
=955  \\$bark:/13960/t80k8kt8j$qtableauetcouplep00dela
=852  8\$beresour-nc$hOnline Resource$t1
=856  41$3Full text - HathiTrust Digital Library$uhttps://hdl.handle.net/2027/uiuo.ark:/13960/t80k8kt8j

