=LDR  00945cam a22002411  4500
=001  2690198
=005  20071205235233.0
=008  900530s1920\\\\fr\\\\\\\\\\\f\\\\\\fre\u
=003  UIUdb
=010  \\$a   22009355 
=035  \\$a(OCoLC)ocm77313586
=035  \\$9ASF-1040
=035  \\$9UC 04025277
=035  \\$aurb00073414
=040  \\$dUtOrBLW
=110  1\$aFrance.$bCommission de publication du Bulletin officiel.
=245  10$aTableau général de la composition des divers ministères :$bMinistère de la guerre : Publication de la Commission du Bulletin officiel : 1er juillet 1920.
=260  \\$a[Paris ;$aLimoges :$bImpr. militaire Charles-Lavauzelle,$c1920?]
=300  \\$a159 p. ;$c25 cm.
=651  \0$aFrance$xExecutive departments.
=955  \\$bark:/13960/t5dc47w93$qtableaugeneralde00fran
=852  8\$beresour-nc$hOnline Resource$t1
=856  41$3Full text - HathiTrust Digital Library$uhttps://hdl.handle.net/2027/uiuo.ark:/13960/t5dc47w93

