=LDR  01184cam a2200325Ia 4500
=001  2700831
=005  20030802195150.0
=008  900530s1841\\\\pau\\\\\\\\\\s000\0\eng\d
=003  UIUdb
=035  \\$a(OCoLC)ocm46355239
=040  \\$aPQD$cPQD$dUIU
=035  \\$9ASG-1720
=035  \\$9UC 12099935
=043  \\$an-us-pa
=050  \4$aHB2771.P4$bH36 1841
=049  \\$aUIUU
=100  1\$aHammond, John W.
=245  10$aTabular statement of the cost, revenue and expenditures, of the several finished lines of the canals and railroads of the Commonwealth /$cprepared by John W. Hammond.
=260  \\$aHarrisburg, [Pa.] :$bElliott & McCurdy,$c1841.
=300  \\$a1 p. ;$c24 cm.$e1 folded sheet (21 x 63 cm.)
=651  \0$aPennsylvania$xAppropriations and expenditures$vStatistics.
=610  20$aPennsylvania Canal and Rail-road Company.
=650  \0$aCanals$zPennsylvania.
=650  \0$aRailroads$zPennsylvania.
=910  \\$arcp3211
=994  \\$a02$bUIU
=910  \\$aMARS
=955  \\$bark:/13960/t0sr53b23$qtabularstatement00hamm
=852  8\$beresour-nc$hOnline Resource$t1
=856  41$3Full text - HathiTrust Digital Library$uhttps://hdl.handle.net/2027/uiuo.ark:/13960/t0sr53b23

