=LDR  01277cam a22003257a 4500
=001  2688023
=005  20030802160940.0
=008  900530s1846\\\\pau\\\\\\\\\\\000\0\eng\\
=003  UIUdb
=010  \\$a   96207258 
=035  \\$a(OCoLC)ocm36084141
=040  \\$aDLC$cDLC$dOCL$dUIU
=035  \\$9ASE-8855
=035  \\$9UC 01049649
=050  00$aAC901$b.P3 vol. 9, no. 8
=049  \\$aUIUU
=245  02$aA tabular statement relating to the tax on real & personal estate, for state purposes, the revenue arising from that and other sources, and to the payments to common schools, for the periods therein named.
=260  \\$aHarrisburg :$bJ.M.G. Lescure, Printer to the State,$c1846.
=300  \\$a26 p. ;$c23 cm.
=500  \\$aPrepared by the Auditor General's Office.
=650  \0$aProperty tax$zPennsylvania$vStatistics.
=650  \0$aEducation$zPennsylvania$xFinance$vStatistics.
=710  1\$aPennsylvania.$bOffice of the Auditor General.
=710  2\$aPamphlet Collection (Library of Congress)$5DLC
=910  \\$arcp3211
=994  \\$a02$bUIU
=910  \\$aMARS
=955  \\$bark:/13960/t9w15905q$qtabularstatement00penn
=852  8\$beresour-nc$hOnline Resource$t1
=856  41$3Full text - HathiTrust Digital Library$uhttps://hdl.handle.net/2027/uiuo.ark:/13960/t9w15905q

