=LDR  01049cam a2200325I  4500
=001  2748322
=005  20030806151210.0
=008  900530s1911\\\\cou\\\\\\\\\\\000\0\eng\\
=003  UIUdb
=010  \\$a   12001751 
=035  \\$a(OCoLC)ocm48689707
=040  \\$aDLC$cYUS$dUIU
=035  \\$9ASK-9542
=035  \\$9UC 14033472
=050  00$aHJ4153$b.W2
=049  \\$aUIUU
=100  1\$aWagner, Napoleon.
=245  10$aTaxation;$babsolutely just and equitable taxation on the plan of utility or reasonable annual average rental value.$cBy Napoleon Wagner ...
=260  \\$a[Denver] :$bClark Quick-printing Co.,$c[c1911]
=300  \\$a24 p.$c23 cm.
=500  \\$aCover-title.
=500  \\$a"Second edition."
=650  \0$aLand value taxation.
=650  \0$aReal property tax.
=910  \\$arcp3356
=994  \\$a02$bUIU
=910  \\$aMARS
=955  \\$bark:/13960/t6645z93n$qtaxationabsolute00wagn_5
=852  8\$beresour-nc$hOnline Resource$t1
=856  41$3Full text - HathiTrust Digital Library$uhttps://hdl.handle.net/2027/uiuo.ark:/13960/t6645z93n

