=LDR  01696cam a2200373Ia 4500
=001  2748287
=005  20170724085221.0
=008  900530s1886\\\\ilu\\\\\\\\\\\000\0\eng\\
=003  UIUdb
=035  \\$a(OCoLC)ocm56816020
=040  \\$aKKU$beng$cKKU$dOCLCQ$dOCLCF$dOCLCO$dOCLCQ
=043  \\$an-us-il
=050  \4$aKFI1670$b.W35 1886
=049  \\$aUIUU
=100  1\$aWaller, Charles S.
=245  10$aTaxation in Illinois :$bminority report from the Commission appointed to revise the revenue laws of the state /$cby Charles S. Waller.
=246  16$aMinority report from the Revenue Commission
=260  \\$a[Chicago?] :$bPublished by the Revenue Reform League of Cook County,$c[1886]$e([Chicago] :$fPrinted by the Chicago Legal News Co.)
=300  \\$a8 pages ;$c27 cm
=336  \\$atext$btxt$2rdacontent
=337  \\$aunmediated$bn$2rdamedia
=338  \\$avolume$bnc$2rdacarrier
=500  \\$a"Published ... in order that it may be presented to tax-payers at the same time the majority report of the Revenue Commission, the Secretary of State not deeming that he had authority to publish a minority report at the expense of the state."
=500  \\$aCover title.
=500  \\$a"February, 1886."
=650  \0$aTaxation$xLaw and legislation$zIllinois.
=650  \0$aTaxation$zIllinois.
=650  \7$aTaxation.$2fast$0(OCoLC)fst01143876
=650  \7$aTaxation$xLaw and legislation.$2fast$0(OCoLC)fst01143921
=651  \7$aIllinois.$2fast$0(OCoLC)fst01205143
=994  \\$aC0$bUIU
=955  \\$bark:/13960/t8nd25m1d$qtaxationinillino00wall
=852  8\$beresour-nc$hOnline Resource$t1
=856  41$3Full text - HathiTrust Digital Library$uhttps://hdl.handle.net/2027/uiuo.ark:/13960/t8nd25m1d

