=LDR  01129cam a2200313I  4500
=001  2748296
=005  20030805054442.0
=008  900530r1908uuuuohu\\\\\\\\\\\000\0\eng\\
=003  UIUdb
=010  \\$a   09027042 
=035  \\$a(OCoLC)ocm12138740
=040  \\$aDLC$cKUK$dKUK$dUIU
=035  \\$9ASK-9516
=035  \\$9UC 14033127
=050  0\$aHJ5755.M6$bM3
=049  \\$aUIUU
=100  1\$aMcVey, Frank Le Rond,$d1869-1953.
=245  14$aThe taxation of mineral properties,$cby Frank L. McVey ...
=260  \\$aColumbus :$bInternational Tax Association,$c[1908?]
=300  \\$a1 p. 1., p. 411-430.$c22 cm.
=500  \\$aReprinted from the Address and proceedings of the International conference on state and local taxation held at Toronto, Canada, Oct. 6-9, 1908.
=650  \0$aTaxation$zMinnesota.
=650  \0$aMines and mineral resources$zMinnesota.
=910  \\$arcp3356
=994  \\$a02$bUIU
=910  \\$aMARS
=955  \\$bark:/13960/t6c313z5g$qtaxationofminera00mcve_0
=852  8\$beresour-nc$hOnline Resource$t1
=856  41$3Full text - HathiTrust Digital Library$uhttps://hdl.handle.net/2027/uiuo.ark:/13960/t6c313z5g

