=LDR  01056cam a2200313I  4500
=001  2748293
=005  20030721174244.0
=008  900530s1913\\\\nyu\\\\\\\\\\\000\0\eng\\
=003  UIUdb
=010  \\$a   13011726 
=035  \\$a(OCoLC)ocm06321521
=040  \\$aDLC$cVIC$dVIC$dUIU
=035  \\$9ASK-9513
=035  \\$9UC 14032947
=050  \\$aHJ2424.A7$bW6
=049  \\$aUIUU
=100  1\$aWhite, William Pierrepont.
=245  10$aTaxation and the public welfare;$ban address before the first State Conference on Taxation, Utica, N.Y., January 12-13, 1911.$cBy Wm. Pierrepont White ...
=260  \\$aAlbany :$bLyon Co., printers,$c1913.
=300  \\$a12 p.$c23
=500  \\$aCover title.
=650  \0$aTaxation$zNew York (State)
=651  \0$aNew York (State)$xEconomic conditions.
=910  \\$arcp6088
=994  \\$a02$bUIU
=910  \\$aMARS
=955  \\$bark:/13960/t9189hm8w$qtaxationpublicwe00whit
=852  8\$beresour-nc$hOnline Resource$t1
=856  41$3Full text - HathiTrust Digital Library$uhttps://hdl.handle.net/2027/uiuo.ark:/13960/t9189hm8w

