=LDR  00905cam a2200277K  4500
=001  2732359
=005  20030802161004.0
=008  900530s1883\\\\nju\\\\\\\\\\\000\0\eng\d
=003  UIUdb
=035  \\$a(OCoLC)ocm44025131
=040  \\$aNYP$cNYP$dUIU
=035  \\$9ASJ-3541
=035  \\$9UC 01049627
=049  \\$aUIUU
=100  1\$aParker, Richard Wayne.
=245  10$aTaxes and money in New Jersey before the Revolution.$bA paper read before the New Jersey Historical Society ... 1883.
=260  \\$a[Newark?,$c1883?]
=300  \\$a17 p.$c8vo.
=500  \\$aAutograph of author.
=650  \4$aFinance$xHistory, United States: New Jersey.
=910  \\$arcp3211
=994  \\$a02$bUIU
=910  \\$aMARS
=955  \\$bark:/13960/t7gr34f1r$qtaxesmoneyinnewj00park
=852  8\$beresour-nc$hOnline Resource$t1
=856  41$3Full text - HathiTrust Digital Library$uhttps://hdl.handle.net/2027/uiuo.ark:/13960/t7gr34f1r

