=LDR  01174cam a2200325Ia 4500
=001  2732374
=005  20030819200130.0
=008  900530s1874\\\\mau\\\\\\\\\\\000\0\eng\\
=003  UIUdb
=010  \\$a   20002074 
=035  \\$a(OCoLC)ocm02958373
=040  \\$aDLC$cDRB$dWIH$dUIU
=035  \\$9ASJ-3556
=035  \\$9UC 01049732
=043  \\$an-us-ma
=050  0\$aF73.62.O4$bQ7
=049  \\$aUIUU
=100  1\$aQuincy, Josiah Phillips,$d1829-1910.
=245  10$aTax-exemption no excuse for spoliation :$bconsiderations in opposition to the petition, now before the Massachusetts Legislature, to permit the sale of the Old South Church /$cby Josiah Phillips Quincy.
=260  \\$aBoston :$bProprietors of "Old and New,",$c1874.
=300  \\$a12 p. ;$c23 cm.
=500  \\$aCover title.
=610  20$aOld South Church (Boston, Mass.)
=650  \0$aChurch property$xTaxation$zMassachusetts$zBoston.
=910  \\$arcp3211
=994  \\$a02$bUIU
=910  \\$aMARS
=955  \\$bark:/13960/t0sr53c8f$qtaxexemptionnoex00quin_0
=852  8\$beresour-nc$hOnline Resource$t1
=856  41$3Full text - HathiTrust Digital Library$uhttps://hdl.handle.net/2027/uiuo.ark:/13960/t0sr53c8f

