=LDR  01365cam a22003731a 4500
=001  2680383
=005  20080123225657.0
=008  900530s1882\\\\nyub\\\\\\\\\\000\0\eng\\
=003  UIUdb
=010  \\$aca 09004269 
=035  \\$a(OCoLC)ocm19901290
=035  \\$9ASE-1146
=035  \\$9UC 12098213
=035  \\$a(DLC)ca 09004269
=040  \\$aDLC$cDGU$dDGU$dDLC
=042  \\$apremarc
=043  \\$an-mx---
=050  00$aHE2819.T3$bT3
=110  2\$aTehuantepec Inter-Ocean Railroad Company.
=245  10$aTehuantepec inter-ocean railroad :$bMexico.
=260  \\$a[New York :$bThe Company,$c1882]
=300  \\$a16 p. :$b2 maps ;$c23 cm.
=500  \\$aTitle from cover.
=500  \\$a"Office of the Tehuantepec Inter-Ocean Railroad Company, 52 Broadway, New-York, March 15th, 1882"--Colophon.
=501  \\$aNo. 19 of 23 in a vol. with binder's title: Panama and Nicaragua Canals (1886)
=651  \0$aTehuantepec, Isthmus of (Mexico)
=610  20$aTehuantepec Railway Company.
=650  \0$aShip-railroads$zMexico.
=610  20$aTehuantepec Inter-ocean Railroad Company.
=740  0\$aPanama and Nicaragua Canals.
=987  \\$amissing$bmatch points
=955  \\$bark:/13960/t0ht8v656$qtehuantepecinter00tehu
=852  8\$beresour-nc$hOnline Resource$t1
=856  41$3Full text - HathiTrust Digital Library$uhttps://hdl.handle.net/2027/uiuo.ark:/13960/t0ht8v656

