=LDR  00993cam a2200289Ia 4500
=001  2680353
=005  20030804093105.0
=008  900530s1884\\\\nyub\\\\\\\\\\000\0\eng\\
=003  UIUdb
=010  \\$a   06003920 
=035  \\$a(OCoLC)ocm14254788
=040  \\$aDLC$cAZS$dAZS$dOCL$dUIU
=035  \\$9ASE-1116
=035  \\$9UC 12096531
=050  0\$aTC786$b.A55
=049  \\$aUIUU
=100  1\$aAnderson, Alexander D.$q(Alexander Dwight)
=245  14$aThe Tehuantepec Ship Railway :$ba review of its geographical, commercial and political features and advantages /$cby Alex. D. Anderson.
=260  \\$aNew York :$bBowne & Co., printers,$c1884.
=300  \\$a22 p. :$bmaps ;$c23 cm.
=610  20$aTehuantepec Railway Company.
=910  \\$arcp3254
=994  \\$a02$bUIU
=910  \\$aMARS
=955  \\$bark:/13960/t1sf9031x$qtehuantepecshipr00ande
=852  8\$beresour-nc$hOnline Resource$t1
=856  41$3Full text - HathiTrust Digital Library$uhttps://hdl.handle.net/2027/uiuo.ark:/13960/t1sf9031x

