=LDR  00961cam a22002771  4500
=001  2676065
=005  20071214160456.0
=008  900530s1921\\\\pau\\\\\\\\\\\\\\\\\eng\u
=003  UIUdb
=035  \\$a(OCoLC)ocm77312567
=035  \\$9ASD-6822
=035  \\$9UC 07054119
=035  \\$aurb00080355
=040  \\$dUtOrBLW
=100  1\$aGonnerman, Harrison F.$q(Harrison Frederick),$db. 1885.
=245  10$aTest of a flat-slab floor of the new Channon building.
=260  \\$a[Philadelphia,$c1921]
=300  \\$a22 p. :$bill. ;$ccm.
=500  \\$aCaption title.
=500  \\$a"Preprint of copyrighted proceedings, American concrete institute ..."
=650  \0$aConcrete, Reinforced.
=650  \0$aFloors.
=700  1\$aRichart, Frank E.$q(Frank Erwin),$db. 1892
=955  \\$bark:/13960/t3cz9f34r$qtestofflatslabfl00gonn
=852  8\$beresour-nc$hOnline Resource$t1
=856  41$3Full text - HathiTrust Digital Library$uhttps://hdl.handle.net/2027/uiuo.ark:/13960/t3cz9f34r

