=LDR  01230cam a2200313K  4500
=001  2704780
=005  20030805192213.0
=008  900530s1906\\\\fr\\\\\\\\\\\\000\0\fre\d
=003  UIUdb
=035  \\$a(OCoLC)ocm23845523
=040  \\$aSTF$cSTF$dOCL$dOCLCQ$dUIU
=035  \\$9ASG-5677
=035  \\$9UC 17039900
=092  \\$a842.4$b.M721aL
=049  \\$aUIUU
=100  1\$aMolière,$d1622-1673.
=240  10$aWorks.$f1906
=245  10$aThéâtre choisi;$cannoté par Maurice Albert.
=250  \\$a11e éd.
=260  \\$aParis :$bA. Colin,$c1906.
=300  \\$axxxvi, 630 p.$c18 cm.
=505  0\$aL'étourdi.--Le dépit amoureux.--Les précieuses ridicules.--La critique de l'École des femmes.--L'impromptu de Versailles.--Don Juan; ou, Le festin de Pierre.--Le misanthrope.--Le Tartuffe.--Amphitryon.--L'avare.--Le bourgeois gentilhomme.--Psyché.--Les fourberies de Scapin.--Les femmes savantes.--Le malade imaginaire.
=700  1\$aAlbert, Maurice.
=910  \\$arcp2110
=994  \\$a02$bUIU
=910  \\$aMARS
=955  \\$bark:/13960/t1wf02p9r$qtheatrechoisi03moli$vv.3
=852  8\$beresour-nc$hOnline Resource$t1
=856  41$3Full text - HathiTrust Digital Library$uhttps://catalog.hathitrust.org/Record/100203921

