=LDR  00905cam a2200289K  4500
=001  2742593
=005  20030805040555.0
=008  900530s1919\\\\gw\\\\\\\\\\\\000\0\ger\d
=003  UIUdb
=035  \\$a(OCoLC)ocm10613463
=040  \\$aOBE$cOBE$dUIU
=035  \\$9ASK-3803
=035  \\$9UC 08097341
=092  \\$a781.3$bP639T
=049  \\$aUIUU
=100  1\$aPikler, Julius.
=245  10$aTheorie der Konsonanz und Dissonanz ...$bMit 17 Abbildungen im Text.
=260  \\$aLeipzig :$bJ. A. Barth,$c1919.
=300  \\$a34 p.$bdiagrs.
=490  0\$aSchriften zur Anpassungstheorie des Empfindungsvorganges,$vHeft 2
=650  \0$aHarmony.
=910  \\$arcp1117
=994  \\$a02$bUIU
=910  \\$aMARS
=955  \\$bark:/13960/t10p78s83$qtheoriederkonson00pikl_0
=852  8\$beresour-nc$hOnline Resource$t1
=856  41$3Full text - HathiTrust Digital Library$uhttps://hdl.handle.net/2027/uiuo.ark:/13960/t10p78s83

