=LDR  00811cam a22002411  4500
=001  2743105
=005  20080122224539.0
=008  900530s1911\\\\ilu\\\\\\\\\\\\\\\\\eng\u
=003  UIUdb
=035  \\$a(OCoLC)ocm77316064
=035  \\$9ASK-4318
=035  \\$9UC 09036505
=035  \\$aurb00086949
=040  \\$dUtOrBLW
=100  1\$aHartmann, Arthur Martinus,$d1881-
=245  10$aThrough the lonely halls of the night /$c(from improvisations) by Bayard Taylor for Male chorus.
=260  \\$aChicago :$bGamble Hinged Music co.,$c[c1911]
=300  \\$a8 p. ;$ccm.
=650  \0$aSongs.
=700  1\$aTaylor, Bayard.
=955  \\$bark:/13960/t7hr05298$qthroughlonelyhal00hart
=852  8\$beresour-nc$hOnline Resource$t1
=856  41$3Full text - HathiTrust Digital Library$uhttps://hdl.handle.net/2027/uiuo.ark:/13960/t7hr05298

