=LDR  00795cam a22002651  4500
=001  2778598
=005  20071205234336.0
=008  900530s1861\\\\enk\\\\\\\\\\\\\\\\\eng\u
=003  UIUdb
=035  \\$a(OCoLC)ocm55471423
=035  \\$9ASO-0051
=035  \\$9UC 03097348
=035  \\$auil00067091
=040  \\$dUtOrBLW
=100  1\$aPotter, Edmund.
=245  10$aTrades' unions and their tendencies.
=260  \\$aLondon,$c1861.
=300  \\$a27 p. ;$ccm.
=650  \0$aTrade unions.
=911  \\$1m$2ASO-0051$3UC 03097348$47/13/2004 16:59:47$a331.87 P85T
=913  \\$17901
=910  \\$aMARS
=955  \\$bark:/13960/t13n89k4v$qtradesunionsthei00pott
=852  8\$beresour-nc$hOnline Resource$t1
=856  41$3Full text - HathiTrust Digital Library$uhttps://hdl.handle.net/2027/uiuo.ark:/13960/t13n89k4v

