=LDR  00928cam a22002651  4500
=001  2781318
=005  20071206225925.0
=008  900530r18901890mdu\\\\\\\\\\\\\\\\\eng\u
=003  UIUdb
=035  \\$a(OCoLC)ocm77318901
=035  \\$9ASO-2779
=035  \\$9UC 06009311
=035  \\$ashi00008124
=040  \\$dUtOrBLW
=100  1\$aCowles, Edward.
=245  14$aThe training schools of the future.
=260  \\$a[Baltimore],$c1890.
=300  \\$a16 p. ;$ccm.
=500  \\$aReprinted from the 17th annual report of the National Conference of Charities and Correction, held at Baltimore, May 14-21, 1890.
=650  \0$aNursing schools.
=911  \\$a610.73 C83T$1m$2ASO-2779$3UC 06009311$43/29/2004 8:49:23
=910  \\$aMARS
=955  \\$bark:/13960/t4bp6969x$qtrainingschoolso00cowl_0
=852  8\$beresour-nc$hOnline Resource$t1
=856  41$3Full text - HathiTrust Digital Library$uhttps://hdl.handle.net/2027/uiuo.ark:/13960/t4bp6969x

