=LDR  01267cam a2200313Ia 4500
=001  2762394
=005  20030731192743.0
=008  900530s1876\\\\mau\\\\\\\\\\\000\0\eng\d
=003  UIUdb
=035  \\$a(OCoLC)ocm47165678
=040  \\$aMLN$cMLN$dUIU
=035  \\$9ASM-3740
=035  \\$9UC 07021601
=043  \\$an-us-ma
=049  \\$aUIUU
=245  04$aThe transfer of the Newton Free Library to the City of Newton :$bincluding the addresses of Hon. J. Wiley Edmands, Mayor Speare, Hon. James F. C. Hyde, Rev. B. K. Pierce, D.D., John S. Farlow, Esq., and George H. Jones, Esq., also the city ordinance relating to the library with the names and organization of the city Board of Trustees.
=260  \\$aBoston :$bFranklin Press :$bRand, Avery, & Co.,$c1876.
=300  \\$a44 p. ;$c24 cm.
=610  20$aNewton Free Library.
=650  \0$aLibraries$zMassachusetts$zNewton.
=650  \0$aLibrary legislation$zMassachusetts$zNewton.
=710  2\$aNewton Free Library.
=710  1\$aNewton (Mass.)
=910  \\$arcp3170
=994  \\$a02$bUIU
=910  \\$aMARS
=955  \\$bark:/13960/t1tf60x87$qtransferofnewton00newt
=852  8\$beresour-nc$hOnline Resource$t1
=856  41$3Full text - HathiTrust Digital Library$uhttps://hdl.handle.net/2027/uiuo.ark:/13960/t1tf60x87

