=LDR  00978cam a2200313I  4500
=001  2767067
=005  20030804093003.0
=008  900530s1881\\\\dcu\\\\\\\\\\\000\0\eng\\
=003  UIUdb
=010  \\$a   06003939 
=035  \\$a(OCoLC)ocm15097848
=040  \\$aDLC$cRQE$dUIU
=035  \\$9ASM-8420
=035  \\$9UC 12096547
=050  0\$aTC786$b.P53
=049  \\$aUIUU
=100  1\$aPhelps, Seth Ledyard.
=245  10$aTransportation of ships on railways.$bSome of the difficulties presented.
=260  \\$a[Washington] :$bGibson Brothers, Printers,$c[1881]
=300  \\$a16, [2] p.$c24 cm.
=500  \\$aCover-title.
=500  \\$aPreface signed: S.L. Phelps.
=610  20$aTehuantepec Railway Company.
=910  \\$arcp3254
=994  \\$a02$bUIU
=910  \\$aMARS
=955  \\$bark:/13960/t3cz9f338$qtransportationof00phel
=852  8\$beresour-nc$hOnline Resource$t1
=856  41$3Full text - HathiTrust Digital Library$uhttps://hdl.handle.net/2027/uiuo.ark:/13960/t3cz9f338

