=LDR  00892cam a22002657  4500
=001  2774365
=005  20071205221822.0
=008  900530s1902\\\\xx\\\\\\\\\\\\000\0\eng\d
=003  UIUdb
=035  \\$a(OCoLC)ocm77318403
=035  \\$9ASN-5804
=035  \\$9UC 00010787
=035  \\$a(CStRLIN)MAHGBEF33890-B
=040  \\$aMBCo$cMBCo$dCStRLIN
=100  1\$aCowles, Edward,$d1837-1919.
=245  10$aTreatment of paresis:$bits limitations and expectations.
=260  \\$c1902.
=300  \\$a597-605 p. ;$c8vo
=500  \\$aReprinted from the American journal of insanity, April, 1902.
=911  \\$1m$2ASN-5804$3UC 00010787$47/7/2004 7:40:43$a132.1 C83T
=913  \\$14173
=910  \\$aMARS
=955  \\$bark:/13960/t3rv6s306$qtreatmentofpares00cowl
=852  8\$beresour-nc$hOnline Resource$t1
=856  41$3Full text - HathiTrust Digital Library$uhttps://hdl.handle.net/2027/uiuo.ark:/13960/t3rv6s306

