=LDR  00893cam a2200253K  4500
=001  2714976
=005  20030730235044.0
=008  900530s1906\\\\wiu\\\\\\\\\\\000\0\eng\d
=003  UIUdb
=035  \\$a(OCoLC)ocm20580026
=040  \\$aEYP$cEYP$dOCLCQ$dUIU
=035  \\$9ASH-5991
=035  \\$9UC 04002695
=049  \\$aUIUU
=100  1\$aKenny, John T.
=245  14$aThe true way to simplify our land titles and improve our land taxing system.$bThe Torrens system of land transfers, the German system of titles and taxation, and other land title systems as related thereto.
=260  \\$aMadison, Wis.,$c1906.
=300  \\$a32 p.
=910  \\$arcp1723
=994  \\$a02$bUIU
=910  \\$aMARS
=955  \\$bark:/13960/t44r43q59$qtruewaytosimplif00kenn
=852  8\$beresour-nc$hOnline Resource$t1
=856  41$3Full text - HathiTrust Digital Library$uhttps://hdl.handle.net/2027/uiuo.ark:/13960/t44r43q59

