=LDR  01042cam a22003011  4500
=001  2767080
=005  20080123225541.0
=008  900530s1860\\\\mau\\\\\\\\\\\\\\\\deng\u
=003  UIUdb
=035  \\$a(OCoLC)ocm77317939
=035  \\$9ASM-8433
=035  \\$9UC 12097175
=035  \\$auil00050402
=040  \\$dUtOrBLW
=110  2\$aChicago, Burlington & Quincy Railroad Company.
=245  10$aTrust mortgage :$bChicago, Burlington and Quincy Railroad Company to Hans Reimer Claussen, Sidney Bartlett, and Charles G. Loring.
=260  \\$a[Boston?,$c1860]
=300  \\$a16 p. ;$ccm.
=650  \0$aRailroads$xMortgages.
=600  10$aLoring, Charles Greely.
=600  10$aClaussen, Hans Reimer.
=600  10$aBartlett, Sidney.
=911  \\$1m$2ASM-8433$3UC 12097175$47/1/2004 8:08:36$a385.4 C432T
=913  \\$155461
=910  \\$aMARS
=955  \\$bark:/13960/t0ns6zr86$qtrustmortgagechi00chic
=852  8\$beresour-nc$hOnline Resource$t1
=856  41$3Full text - HathiTrust Digital Library$uhttps://hdl.handle.net/2027/uiuo.ark:/13960/t0ns6zr86

