=LDR  00907cam a22002891  4500
=001  2759805
=005  20071205234627.0
=008  900530s1902\\\\ctu\\\\\\\\\\\\\\\\\eng\u
=003  UIUdb
=035  \\$a(OCoLC)ocm68188147
=035  \\$9ASM-1140
=035  \\$9UC 04007995
=035  \\$auil00067964
=040  \\$dUtOrBLW
=100  1\$aRobinson, Maurice Henry.
=245  10$aTrusts.
=260  \\$a[New Haven, Conn.,$c1902]
=300  \\$ap. 278-296 ;$ccm.
=500  \\$aAt head of title: The report of the Industrial Commission. V.
=500  \\$aFrom the Yale review, November, 1902.
=650  \0$aTrusts.
=911  \\$1m$2ASM-1140$3UC 04007995$44/5/2004 18:29:44$a338.8 R564T
=913  \\$132398
=910  \\$aMARS
=955  \\$bark:/13960/t79s7zq9f$qtrusts00robi
=852  8\$beresour-nc$hOnline Resource$t1
=856  41$3Full text - HathiTrust Digital Library$uhttps://hdl.handle.net/2027/uiuo.ark:/13960/t79s7zq9f

