=LDR  00809cam a2200241K  4500
=001  2885914
=005  20080308182652.0
=008  900530s1890\\\\dcu\\\\\\\\\\\000\0\eng\d
=003  UIUdb
=035  \\$a(OCoLC)ocm22921653
=040  \\$aRBN$cRBN$dOCLCQ
=035  \\$9uc 01087378
=035  \\$9ASZ-0074
=049  \\$aUIUU
=100  1\$aHarris, William Torrey,$d1835-1909.
=245  10$aTwo papers on manual training ...$bI. The intellectual value of tool work. II. The educational value of manual training.
=260  \\$aWashington,$c1890.
=300  \\$a14 p.$c23 cm.
=699  \9$a371.42H24
=994  \\$a92$bUIU
=955  \\$bark:/13960/t1hj2r478$qtwopapersonmanua00harr
=852  8\$beresour-nc$hOnline Resource$t1
=856  41$3Full text - HathiTrust Digital Library$uhttps://hdl.handle.net/2027/uiuo.ark:/13960/t1hj2r478

