=LDR  00721cam a2200241Mi 4500
=001  3064423
=005  20030802061632.0
=008  900530s1853\\\\gw\\\\\\\\\\\\000\0\ger\d
=003  UIUdb
=035  \\$a(OCoLC)ocm46287063
=040  \\$aZXW$bger$cZXW$dUIU
=035  \\$9ATT-3359
=035  \\$9UC 03059877
=049  \\$aUIUU
=100  1\$aErdmann, Johann Eduard.
=245  10$aÜber Collision von Pflichten /$cJohann Eduard Erdmann.
=260  \\$aBerlin,$c1853.
=910  \\$arcp3770
=994  \\$a02$bUIU
=910  \\$aMARS
=955  \\$bark:/13960/t2b91gj0w$qubercollisionvon00erdm
=852  8\$beresour-nc$hOnline Resource$t1
=856  41$3Full text - HathiTrust Digital Library$uhttps://hdl.handle.net/2027/uiuo.ark:/13960/t2b91gj0w

