=LDR  01017cam a2200301I  4500
=001  2238520
=005  20030803094851.0
=008  900530s1901\\\\gw\\\\\\\\\\\\000\0\ger\d
=003  UIUdb
=035  \\$a(OCoLC)ocm02044980
=040  \\$aMIA$cMIA$dUIU
=035  \\$9AQL-0661
=035  \\$9UC 11065420
=092  \\$a836$bK672k
=049  \\$aUIUU
=100  1\$aKrükl, Karl,$d1874-
=245  10$aÜber das Leben des elsässischen Schriftstellers Anton von Klein am Hofe Karl Theodors von der Pfalz$bund seine Beziehung zu Wieland, Schubart, Schiller, Babo u.a.
=260  \\$aEisenach :$bH. Kahle,$c1901.
=300  \\$a99, ix p.$c23 cm.
=502  \\$aInaug.-diss.--Strassburg.
=500  \\$aVita.
=600  10$aKlein, Anton,$cEdler von,$d1746-1810.
=910  \\$arcp1117
=994  \\$a02$bUIU
=910  \\$aMARS
=955  \\$bark:/13960/t81k5jw1t$quberdaslebendese00kruk
=852  8\$beresour-nc$hOnline Resource$t1
=856  41$3Full text - HathiTrust Digital Library$uhttps://hdl.handle.net/2027/uiuo.ark:/13960/t81k5jw1t

