=LDR  00908cam a2200289K  4500
=001  2757179
=005  20030804100739.0
=008  900530s1908\\\\gw\\\\\\\\\\\\000\0\ger\d
=003  UIUdb
=035  \\$a(OCoLC)ocm06686012
=040  \\$aRETROCON/NYGG (ZYU)$cZYU$dOCLCQ$dUIU
=035  \\$9ASL-8502
=035  \\$9UC 00018899
=090  \\$aB2948$b.G85
=049  \\$aUIUU
=100  1\$aGrubich, Johannes.
=245  10$aÜber das verhältnis Hartmanns zu Hegel und Schopenhauer ...$cvon Johannes Grubich.
=260  \\$aLeipzig :$bF. Eckhardt,$c1908.
=300  \\$a3 p. l., 72, [1] p.$c25 cm.
=502  \\$aDiss.--Münster.
=500  \\$aVita.
=910  \\$arcp2543
=994  \\$a02$bUIU
=910  \\$aMARS
=955  \\$bark:/13960/t9t21769q$quberdasverhaltni00grub
=852  8\$beresour-nc$hOnline Resource$t1
=856  41$3Full text - HathiTrust Digital Library$uhttps://hdl.handle.net/2027/uiuo.ark:/13960/t9t21769q

