=LDR  00846cam a2200277M  4500
=001  2638712
=005  20100112071743.0
=008  900530s1910\\\\xx\\\\\\\\\\\\000\0\ger\d
=003  UIUdb
=035  \\$a(OCoLC)ocm83657358
=040  \\$aBOH$cHLS
=988  \\$9uc 05097779
=035  \\$9uc 05097779
=035  \\$9ARZ-9312
=049  \\$aUIUU
=100  1\$aSagorski, Ernst.
=245  10$aUber Formen der Gattung Mentha in dem Thuringisch-Hercynischen Florengebiet.
=260  \\$a[Weimar],$c1910.
=300  \\$a83 p.
=500  \\$aMitt. Thur. Bot. Ver.xxvi. 1-83. 1910.
=699  \9$a583.891SA1U
=700  1\$aOsswald, Louis.
=994  \\$a92$bUIU
=955  \\$bark:/13960/t7kq4752v$quberformendergat00sago
=852  8\$beresour-nc$hOnline Resource$t1
=856  41$3Full text - HathiTrust Digital Library$uhttps://hdl.handle.net/2027/uiuo.ark:/13960/t7kq4752v

