=LDR  01005cam a2200289K  4500
=001  2145042
=005  20030807130245.0
=008  900530s1913\\\\gw\\\\\\\\\\\\000\0\ger\d
=003  UIUdb
=035  \\$a(OCoLC)ocm19019059
=040  \\$aWAU$cWAU$dOCLCQ$dUIU
=035  \\$9AQB-6576
=035  \\$9UC 12011712
=049  \\$aUIUU
=100  1\$aMagin, Ernst Paul Heinrich.
=245  10$aÜber Georg Christoph Lichtenberg und seine noch unveröffentlichten Handschriften.
=260  \\$aHamburg :$bLütcke & Wulff,$c1913.
=300  \\$a56 p.
=500  \\$aAt head of title: Oberrealschule in St. Georg zu Hamburg.
=500  \\$a"Beilage zum Jahresbericht über das Schuljahr 1912/13."
=600  10$aLichtenberg, Georg Christoph,$d1742-1799.
=910  \\$arcp3573
=994  \\$a02$bUIU
=910  \\$aMARS
=955  \\$bark:/13960/t1xd73w1m$qubergeorgchristo00magi
=852  8\$beresour-nc$hOnline Resource$t1
=856  41$3Full text - HathiTrust Digital Library$uhttps://hdl.handle.net/2027/uiuo.ark:/13960/t1xd73w1m

