=LDR  01008cam a2200301Ka 4500
=001  3247291
=005  20030801061925.0
=008  900530s1914\\\\gw\\\\\\\b\\\\000\0\ger\d
=003  UIUdb
=035  \\$a(OCoLC)ocm27049441
=040  \\$aEUW$cEUW$dUIU
=035  \\$9AUV-1218
=035  \\$9UC 00087298
=049  \\$aUIUU
=100  1\$aHeine, Rosa.
=245  10$aÜber Wiedererkennen und rückwirkende Hemmung /$cvon Rosa Heine.
=260  \\$aLeipzig :$bJohann Ambrosius Barth,$c1914.
=300  \\$ap. 162-236 ;$c24 cm.
=504  \\$aIncludes bibliographical footnotes.
=500  \\$aCover title.
=500  \\$a"Sonder-Abdruck aus der Zeitschrift für Psychologie, Bd. 68."-- cover.
=730  0\$aZeitschrift für Psychologie.--.$nBd.68.
=910  \\$arcp2312
=994  \\$a02$bUIU
=910  \\$aMARS
=955  \\$bark:/13960/t3rv6rw60$quberwiedererkenn00hein
=852  8\$beresour-nc$hOnline Resource$t1
=856  41$3Full text - HathiTrust Digital Library$uhttps://hdl.handle.net/2027/uiuo.ark:/13960/t3rv6rw60

