=LDR  00793cam a2200229Mi 4500
=001  2931406
=005  20090310133301.0
=008  900530s1877\\\\gw\\\\\\\\\\\u000\0\ger\d
=003  UIUdb
=035  \\$a(OCoLC)ocm64526967
=040  \\$aZXW$bger$cZXW
=049  \\$aUIUU
=100  1\$aPeucker, Oscar.
=245  10$aUeber die Befreiung einer gewissen Klasse der Staatsburger von der personlichen Besteuerung /$cvon Oscar Peucker.
=260  \\$aGottingen :$bDieterich,$c1877.
=300  \\$a43 p. ;$c22 cm.
=502  \\$aGèottingen, Univ., Diss., 1877.
=650  \0$aIncome tax.
=994  \\$aC0$bUIU
=955  \\$bark:/13960/t0ht8v79k$queberdiebefreiun00peuc
=852  8\$beresour-nc$hOnline Resource$t1
=856  41$3Full text - HathiTrust Digital Library$uhttps://hdl.handle.net/2027/uiuo.ark:/13960/t0ht8v79k

