=LDR  00740cam a22002291  4500
=001  2603162
=005  20080123225745.0
=008  900530s1855\\\\gw\\\\\\\\\\\\\\\\\\ger\u
=003  UIUdb
=035  \\$a(OCoLC)ocm77308523
=035  \\$9ARW-3519
=035  \\$9UC 12099007
=035  \\$aurb00145848
=040  \\$dUtOrBLW
=100  1\$aSchwamkrug, F. W.
=245  10$aUeber eisenbahn-anlagen und ihren betrieb durch dampf- oder pferdekraft im allgemeinen.
=260  \\$aFreiburg,$c1855.
=300  \\$a99 p. ;$ccm.
=650  \0$aRailroads$zGermany.
=955  \\$bark:/13960/t80k8kn6b$quebereisenbahnan00schw
=852  8\$beresour-nc$hOnline Resource$t1
=856  41$3Full text - HathiTrust Digital Library$uhttps://hdl.handle.net/2027/uiuo.ark:/13960/t80k8kn6b

