=LDR  01018cam a2200325I  4500
=001  2603754
=005  20030805040742.0
=008  900530s1874\\\\nyu\\\\\\\\\\\000\0\eng\\
=003  UIUdb
=010  \\$a   06009917 
=035  \\$a(OCoLC)ocm06631250
=040  \\$aDLC$cKKU$dKKU$dUIU
=035  \\$9ARW-4111
=035  \\$9UC 14002962
=050  \\$aHF1755$b.E53
=049  \\$aUIUU
=100  1\$aEmbil, Miguel de.
=245  14$aThe United States finances.$bAbsolute free trade without adding to taxation,$cby M. de Embil.
=260  \\$aNew York,$c1874.
=300  \\$a24 p.$c24 cm.
=500  \\$aCover title.
=650  \0$aFinance$zUnited States.
=650  \0$aTariff$zUnited States.
=650  \0$aFinance, Public$zUnited States$xHistory$y1861-1875.
=910  \\$arcp1326
=994  \\$a02$bUIU
=910  \\$aMARS
=955  \\$bark:/13960/t1hj2r46s$qunitedstatesfina00embi
=852  8\$beresour-nc$hOnline Resource$t1
=856  41$3Full text - HathiTrust Digital Library$uhttps://hdl.handle.net/2027/uiuo.ark:/13960/t1hj2r46s

