=LDR  00857cam a2200229K  4500
=001  5330026
=005  20070418111929.0
=008  930907s1921\\\\pau\\\\\\\\\\\000\0\eng\d
=003  UIUdb
=035  \\$a(OCoLC)ocm28756071
=040  \\$aYUS$cYUS$dOCLCQ
=049  \\$aUIUU
=110  1\$aUnited States$c(petitioner)
=245  10$aUnited States of America vs. Reading Company et al.$bPlan. Counter-proposal. Order of court. February 14, 1921.
=260  \\$aPhiladelphia,$bPress of Allen, Lane & Scott$c[1921]
=300  \\$a12 p.$c8vo.
=500  \\$aDistrict court of the U.S. for the Eastern district of Pennsylvania.
=500  \\$aPamphlet.
=994  \\$aC0$bUIU
=955  \\$bark:/13960/t1xd73p89$qunitedstatesofam00unit_2
=852  8\$beresour-nc$hOnline Resource$t1
=856  41$3Full text - HathiTrust Digital Library$uhttps://hdl.handle.net/2027/uiuo.ark:/13960/t1xd73p89

