=LDR  00909nam a2200253 a 4500
=001  1016773
=005  20020415161916.0
=008  870819q19101919xx\\\\\\\\\\\\00010\eng\d
=003  UIUdb
=035  \\$a(OCoLC)ocm16510915
=035  \\$9AEF-7516
=040  \\$aUIU$cUIU
=043  \\$an-us---
=100  10$aPettijohn, John J.
=245  10$aUniversity Extension Lyceum /$cJohn J. Pettijohn.
=260  0\$a[S.l. :$bs.n.,$c191-?]$e(Grand Forks, N.D. :$fPage Printerie)
=300  \\$a22 p. ;$c23 cm.
=500  \\$aCover title.
=500  \\$aAddress before the International Lyceum Association Convention, Chicago, Illinois, September 17, 1913.
=650  \0$aLyceums
=650  \0$aUniversity extension$zUnited States.
=955  \\$bark:/13960/t5dc47z2m$quniversityextens00pett
=852  8\$beresour-nc$hOnline Resource$t1
=856  41$3Full text - HathiTrust Digital Library$uhttps://hdl.handle.net/2027/uiuo.ark:/13960/t5dc47z2m

