=LDR  00906cam a2200265Ii 4500
=001  7325930
=005  20130926092135.0
=008  130926s1892\\\\ilu\\\\\\\\\\\000\0\eng\d
=003  UIUdb
=035  \\$a(OCoLC)ocn858941937
=040  \\$aUIU$cUIU$erda$dUIU
=049  \\$aUIUU
=110  2\$aUniversity of Chicago.
=245  14$aThe University of Chicago :$bprogramme of courses in political economy, 1892-1893.
=264  \1$aChicago, IL :$bUniversity of Chicago Press,$c1892.
=300  \\$a19 pages ;$c20 cm.
=336  \\$atext$2rdacontent
=337  \\$aunmediated$2rdamedia
=338  \\$avolume$2rdacarrier
=500  \\$aCover title.
=610  20$aUniversity of Chicago$xCurricula.
=994  \\$aC0$bUIU
=955  \\$bark:/13960/t3mw8kd2k$quniversityofchic00univ_0
=852  8\$beresour-nc$hOnline Resource$t1
=856  41$3Full text - HathiTrust Digital Library$uhttps://hdl.handle.net/2027/uiuo.ark:/13960/t3mw8kd2k

