=LDR  00880cam a2200241K  4500
=001  7224808
=005  20130507113131.0
=008  991029s1913\\\\nyu\\\\\\\\\\\000\0\eng\d
=003  UIUdb
=035  \\$a(OCoLC)ocm42733387
=040  \\$aNYP$cNYP
=049  \\$aUIUU
=110  1\$aNew York (State)
=240  10$aStatutes
=245  10$aUniversity scholarship;$bchapter 292, laws of 1913; an act to amend the education law, relative to the establishment of scholarships for the aid of students in colleges.
=260  \\$a[Albany,$c1913]
=300  \\$a7 (1) p.$c8vo.
=500  \\$aCaption-title.
=650  \4$aColleges, etc.$xScholarships, United States: New York.
=994  \\$aC0$bUIU
=955  \\$bark:/13960/t4nk9k39s$quniversityschola00newy_0
=852  8\$beresour-nc$hOnline Resource$t1
=856  41$3Full text - HathiTrust Digital Library$uhttps://hdl.handle.net/2027/uiuo.ark:/13960/t4nk9k39s

