=LDR  00978cam a22002771  4500
=001  2167138
=005  20071129223931.0
=008  900530s1909\\\\it\\\\\\\\\\\\\\\\\\ita\u
=003  UIUdb
=035  \\$a(OCoLC)ocm77216033
=035  \\$9AQD-8818
=035  \\$9UC 05046676
=035  \\$auil00035201
=040  \\$dUtOrBLW
=100  1\$aBertoni, Giulio,$d1878-1942.
=245  13$aUn nuovo documento volgare modenese del secolo XIV (1353).
=260  \\$aModena,$c1909.
=300  \\$a30 p. ;$ccm.
=500  \\$aEstratto dagli Atti e memorie della R. deputazione di storia patria per le provincie modenesi, serie V, vol. VI.
=650  \0$aItalian language$xDialects$zModena.
=911  \\$1m$2AQD-8818$3UC 05046676$46/17/2004 9:00:11$a457 B46N
=913  \\$147931
=910  \\$aMARS
=955  \\$bark:/13960/t02z7fg1v$qunnuovodocumento00bert
=852  8\$beresour-nc$hOnline Resource$t1
=856  41$3Full text - HathiTrust Digital Library$uhttps://hdl.handle.net/2027/uiuo.ark:/13960/t02z7fg1v

