=LDR  01130nam a2200277 a 4500
=001  3656047
=005  20020415165202.0
=008  941007s1875\\\\it\\\\\\\\\\\\000\0\ita\d
=003  UIUdb
=035  \\$a(OCoLC)ocm31235804
=035  \\$9AYD-5272
=040  \\$aUIU$cUIU
=041  1\$aita$heng
=043  \\$an-us---
=100  1\$aWells, David Ames,$d1828-1898.
=240  10$aResults of protection in the United States.$lItalian
=245  14$aUno sguardo retrospettivo dei risultati del protezionismo negli State Uniti /$cdiscorso pronunziato dall'onor. David A. Wells in Londra al Cobden Club, 28 giugno 1873.
=260  \\$aFirenze :$bTip. della Gazzetta d'Italia,$c1875.
=300  \\$a36 p. ;$c18 cm.
=500  \\$aTranslation of: Results of protection in the United States.
=650  \0$aProtectionism$zUnited States$xHistory.
=651  \0$aUnited States$xCommercial policy$xHistory.
=710  2\$aCobden Club (London, England)
=955  \\$bark:/13960/t4km5hh5m$qunosguardoretros00well
=852  8\$beresour-nc$hOnline Resource$t1
=856  41$3Full text - HathiTrust Digital Library$uhttps://hdl.handle.net/2027/uiuo.ark:/13960/t4km5hh5m

