=LDR  00894cam a22002771  4500
=001  2650988
=005  20071206224007.0
=008  900530s1903\\\\it\\\\\\\\\\\\\\\\\\ita\u
=003  UIUdb
=035  \\$a(OCoLC)ocm77310780
=035  \\$9ASB-1635
=035  \\$9UC 05046671
=035  \\$auil00031756
=040  \\$dUtOrBLW
=100  1\$aBartoli, Matteo Giulio.
=245  13$aUn po' di Sardo.
=260  \\$aTrieste,$c1903.
=300  \\$ap. 129-156 ;$ccm.
=500  \\$aEstratto dall'Archeografo Triestino, vol. I della III serie--fasc. I--XXIX della raccolta.
=650  \0$aSardinian dialect.
=911  \\$1m$2ASB-1635$3UC 05046671$46/14/2004 17:51:51$a457 B28P
=913  \\$118336
=910  \\$aMARS
=955  \\$bark:/13960/t1gj5q07w$qunpodisardo00bart
=852  8\$beresour-nc$hOnline Resource$t1
=856  41$3Full text - HathiTrust Digital Library$uhttps://hdl.handle.net/2027/uiuo.ark:/13960/t1gj5q07w

