=LDR  00869nam a22002291  4500
=001  3415426
=005  20020415165045.0
=008  910614s1905\\\\pr\c\\\\\\\\\\000\0\spa\d
=003  UIUdb
=035  \\$a(OCoLC)ocm23935274
=035  \\$9AWA-5326
=040  \\$aFDA$cFDA$dRQR
=100  1\$aBrau, Salvador,$d1842-1912.
=245  13$aUn poema de Brau [Mi campo santo]$cCon prólogo de Antonio Cortón.
=260  \\$aSan Juan, P.R.,$bTip. Boletin Mercantil,$c1905.
=300  \\$a26 p.$bport.
=500  \\$aEdicion destinada á aumentar lor recursos para reconstruir la iglesia parroquial de Cabo Rojo.
=700  10$aCortón, Antonio,$d1854-1913.
=740  01$aMi campo santo.
=955  \\$bark:/13960/t3wt4tj2j$qunpoemadebraumic00brau
=852  8\$beresour-nc$hOnline Resource$t1
=856  41$3Full text - HathiTrust Digital Library$uhttps://hdl.handle.net/2027/uiuo.ark:/13960/t3wt4tj2j

