=LDR  00954cam a22002891  4500
=001  2778051
=005  20071205233523.0
=008  900530s1915\\\\gw\\\\\\\\\\\\\\\\\\ger\u
=003  UIUdb
=035  \\$a(OCoLC)ocm77318669
=035  \\$9ASN-9501
=035  \\$9UC 03060086
=035  \\$auil00072231
=040  \\$dUtOrBLW
=100  1\$aWestphal, Hans.
=245  10$aUntersuchungen zur wertethik auf grund einer betrachtung der wertgrösse.
=260  \\$aLeipzig,$c1915.
=300  \\$a100 p. ;$ccm.
=500  \\$a"Sonderabdruck aus der Zeitschrift für philosophie u. philosophische kritik. bd. 158."
=650  \0$aWorth.
=650  \0$aEthics.
=911  \\$1m$2ASN-9501$3UC 03060086$44/9/2004 13:54:31$a171 W52U
=913  \\$131945
=910  \\$aMARS
=955  \\$bark:/13960/t4hn1fs3m$quntersuchungenzu00west
=852  8\$beresour-nc$hOnline Resource$t1
=856  41$3Full text - HathiTrust Digital Library$uhttps://hdl.handle.net/2027/uiuo.ark:/13960/t4hn1fs3m

