=LDR  00689cam a2200217Ma 4500
=001  2775602
=005  20100708155022.0
=008  900530s1870\\\\gw\\\\\\\\\\\\000\0\ger\d
=003  UIUdb
=035  \\$a(OCoLC)ocm46291475
=040  \\$aZXW$bger$cZXW$dOCLCQ$dZCU
=049  \\$aUIUU
=100  1\$aOncken, August.
=245  10$aUntersuchung über den Begriff der Statistik /$cAugust Oncken.
=260  \\$aLeipzig :$c1870.
=300  \\$a58 p.
=650  \0$aStatistics$xTheory.
=994  \\$aC0$bUIU
=955  \\$bark:/13960/t70w4pr29$quntersuchunguber00onck
=852  8\$beresour-nc$hOnline Resource$t1
=856  41$3Full text - HathiTrust Digital Library$uhttps://hdl.handle.net/2027/uiuo.ark:/13960/t70w4pr29

