=LDR  00944cam a22002651i 4500
=001  2760925
=005  20071206224009.0
=008  900530s1909\\\\it\\\\\\\\\\\\00|\|\ita\d
=003  UIUdb
=035  \\$a(OCoLC)ocm77317199
=035  \\$9ASM-2265
=035  \\$9UC 05046678
=035  \\$a(CStRLIN)SZNG085248160-B
=040  \\$aSLB$bita$cSAZ$dCStRLIN
=100  1\$aBertoni, Giulio.
=245  13$aUn trattatello di medicina in volgare bolognese.
=260  \\$aModena :$bG. T. Vincenzi & Nipoti,$c1909.
=300  \\$a13 p. ;$c8⁰.
=787  0\$tAtti e Memorie della R. Deputazione di Storia Patria per le Provincie Modenesi$gSerie V, Vol. 6
=911  \\$1m$2ASM-2265$3UC 05046678$46/17/2004 9:00:11$a457 B46T
=913  \\$147880
=910  \\$aMARS
=955  \\$bark:/13960/t37148m7d$quntrattatellodim00bert
=852  8\$beresour-nc$hOnline Resource$t1
=856  41$3Full text - HathiTrust Digital Library$uhttps://hdl.handle.net/2027/uiuo.ark:/13960/t37148m7d

