=LDR  01240cam a2200337M  4500
=001  2759543
=005  20170721150427.0
=008  900530s1915\\\\gw\c\\\\\\\\\\000\0\ger\d
=003  UIUdb
=035  \\$a(OCoLC)ocm38777801
=040  \\$aHIN$beng$cHIN$dOCL$dOCLCF$dOCLCQ$dOCLCO$dOCL
=043  \\$af-ua---
=049  \\$aUIUU
=100  1\$aRifat, Mansur M.
=245  13$aUn verdict sur l'Angleterre;$bdeux dates, 1882-1914. L'Égypte et la Belgique.
=260  \\$aBerlin,$c1915.
=300  \\$a16 pages$c19 cm
=336  \\$atext$btxt$2rdacontent
=337  \\$aunmediated$bn$2rdamedia
=338  \\$avolume$bnc$2rdacarrier
=500  \\$aTranslation of Die knechtung Äegyptens.
=500  \\$aCover title.
=651  \0$aEgypt$xPolitics and government$y1882-1952.
=650  \7$aPolitics and government$2fast$0(OCoLC)fst01919741
=651  \7$aEgypt.$2fast$0(OCoLC)fst01208755
=648  \7$a1882-1952$2fast
=776  08$iOnline version:$aRifat, Mansur M.$tVerdict sur l'Angleterre.$dBerlin, 1915$w(OCoLC)655080690
=994  \\$aC0$bUIU
=955  \\$bark:/13960/t26b3bt72$qunverdictsurlang00rifa
=852  8\$beresour-nc$hOnline Resource$t1
=856  41$3Full text - HathiTrust Digital Library$uhttps://hdl.handle.net/2027/uiuo.ark:/13960/t26b3bt72

