=LDR  01530cam a2200361Ia 4500
=001  2758166
=005  20030802160945.0
=008  900530s1892\\\\pau\\\\\\\\\\\100\0\eng\d
=003  UIUdb
=035  \\$a(OCoLC)ocm38271096
=040  \\$aPHA$cPHA$dUIU
=035  \\$9ASL-9494
=035  \\$9UC 01049647
=092  \\$a336.2$bP386
=049  \\$aUIUU
=110  2\$aPennsylvania Commission on Valuation and Taxation.
=245  10$aValuation, taxation and exemptions in the Commonwealth of Pennsylvania :$ba report to the Pennsylvania Tax Conference /$cby the Commission on Valuation and Taxation.
=246  30$aValuation, taxation and exemption in the Commonwealth of Pennsylvania, a report to the Pennsylvania Tax Conference.
=260  \\$aHarrisburg, Pa. :$bCommission on Valuation and Taxation,$c1892.
=300  \\$a34,[18],18,3,4,[1],[4] p. ;$c27 cm.
=500  \\$a"Jos. D. Weeks, Chairman" --T.p.
=500  \\$a"Presented at the meeting held at Harrisburg, Pa., October 13th, 1892."
=650  \0$aReal property tax$vCongresses$zPennsylvania.
=650  \0$aValuation$vCongresses$zPennsylvania.
=650  \0$aTax exemptions$vCongresses$zPennsylvania.
=700  1\$aWeeks, Joseph D.$q(Joseph Dame),$d1840-1896.
=710  2\$aPennsylvania Tax Conference.
=910  \\$arcp3211
=994  \\$a02$bUIU
=910  \\$aMARS
=955  \\$bark:/13960/t3b05ch97$qvaluationtaxatio00penn_0
=852  8\$beresour-nc$hOnline Resource$t1
=856  41$3Full text - HathiTrust Digital Library$uhttps://hdl.handle.net/2027/uiuo.ark:/13960/t3b05ch97

