=LDR  00899cam a2200301K  4500
=001  2761182
=005  20030805093146.0
=008  900530r1913uuuuenk\\\\\\\\\\\000\0\eng\d
=003  UIUdb
=035  \\$a(OCoLC)ocm48431957
=040  \\$aYUS$cYUS$dUIU
=035  \\$9ASM-2523
=035  \\$9UC 05090764
=090  \\$aQK369$b.T3
=049  \\$aUIUU
=100  1\$aTakeda, H.
=245  14$aThe vegetation of Japan.
=260  \\$aCambridge [Eng.] :$bBotany School,$c1913.
=300  \\$a23 p.$c24 cm.
=490  0\$aNew Phytologist reprint$vno. 6
=500  \\$aReprinted from The New Phytologist, v. 12, no. 2.
=650  \0$aBotany$zJapan.
=910  \\$arcp3256
=994  \\$a02$bUIU
=910  \\$aMARS
=955  \\$bark:/13960/t9w158p1b$qvegetationofjapa00take
=852  8\$beresour-nc$hOnline Resource$t1
=856  41$3Full text - HathiTrust Digital Library$uhttps://hdl.handle.net/2027/uiuo.ark:/13960/t9w158p1b

