=LDR  01143cam a2200325K  4500
=001  2777302
=005  20030804063641.0
=008  900530s1905\\\\enk\\\\\\\\\\\000\0\eng\d
=003  UIUdb
=035  \\$a(OCoLC)ocm16439704
=040  \\$aCLU$cCLU$dUIU
=035  \\$9ASN-8750
=035  \\$9UC 03002944
=090  \\$aDT940$b.B95v
=049  \\$aUIUU
=100  1\$aBurt, Thomas,$d1837-1922.
=245  12$aA visit to the Transvaal;$blabour: white, black, and yellow.$cBy Thos. Burt, M.P.
=260  \\$aNewcastle-upon-Tyne [etc.] :$bCo-operative Printing Society,$c1905.
=300  \\$a87 p.$c19 cm.
=651  \0$aTransvaal (South Africa)$xDescription and travel.
=651  \0$aTransvaal (South Africa)$xSocial conditions.
=650  \0$aWorking class$zSouth Africa$zTransvaal.
=650  \0$aLabor movement$zSouth Africa$zTransvaal.
=650  \0$aLabor$zSouth Africa$zTransvaal.
=910  \\$arcp1117
=994  \\$a02$bUIU
=910  \\$aMARS
=955  \\$bark:/13960/t59d35352$qvisittotransvaal00burt
=852  8\$beresour-nc$hOnline Resource$t1
=856  41$3Full text - HathiTrust Digital Library$uhttps://hdl.handle.net/2027/uiuo.ark:/13960/t59d35352

