=LDR  00840cam a2200265K  4500
=001  2913666
=005  20030809213148.0
=008  900530s1881\\\\gw\\\\\\\\\\\\000\0\ger\d
=003  UIUdb
=035  \\$a(OCoLC)ocm37754689
=040  \\$aNYP$cNYP$dUIU
=035  \\$9ATB-7986
=035  \\$9UC 05005951
=049  \\$aUIUU
=100  1\$aDuden, Konrad,$d1829-1911.
=245  10$aVollständiges orthographisches Wörterbuch für die Schule.
=260  \\$aLeipzig :$bBibliographisches Institut,$c1881.
=300  \\$axx, 187 (1) p.$c8vo.
=650  \4$aGerman language$xOrthography.
=910  \\$arcp0600
=994  \\$a02$bUIU
=910  \\$aMARS
=955  \\$bark:/13960/t0tr24280$qvollstandigesort00dude
=852  8\$beresour-nc$hOnline Resource$t1
=856  41$3Full text - HathiTrust Digital Library$uhttps://hdl.handle.net/2027/uiuo.ark:/13960/t0tr24280

