=LDR  00809nam a2200265Ka 4500
=001  6116216
=005  20100203140258.0
=008  100203s1900\\\\ne\\\\\\\\\\\\000\0\dut\d
=003  UIUdb
=035  \\$a(OCoLC)ocn503322685
=040  \\$aUIU$cUIU
=043  \\$ae-ne---
=092  0\$a331.88094$bG315v$222
=049  \\$aUIUU
=100  1\$aGerhard, J.W.
=245  10$aVóór neutrale vakvereenigingen /$cJ.W. Gerhard.
=260  \\$aAmsterdam :$bSoep,$c1900.
=300  \\$a30 p. ;$c18 cm.
=650  \0$aLabor unions$zEurope.
=650  \0$aLabor movement$zEurope.
=936  \\$aPR 65572368
=994  \\$aC0$bUIU
=955  \\$bark:/13960/t9h47z448$qvoorneutralevakv00gerh
=852  8\$beresour-nc$hOnline Resource$t1
=856  41$3Full text - HathiTrust Digital Library$uhttps://hdl.handle.net/2027/uiuo.ark:/13960/t9h47z448

