=LDR  00895nam a2200217 i 4500
=001  339995
=005  20020415161443.0
=008  790910s1905\\\\sp\\\\\\\\\\\\00010\spa\d
=003  UIUdb
=035  \\$a(OCoLC)ocm05355942
=035  \\$9ABJ-6698
=040  \\$aUIU$cUIU
=100  10$aCavia, Mariano de,$d1855-1920.
=245  10$aVulgarización del Quijote :$bla libertad de unos galeotos por D. Quijote y la ingratitud con que estos le pagaron tan señalado sevicio /$c[Mariano de Cavia].
=260  0\$aValladolid :$bImprenta y Librería de Andrés Martín,$c1905.
=300  \\$a30 p. ;$c14 cm.
=490  0\$aEdiciones populares
=600  20$aCervantes Saavedra, Miguel de,$d1547-1616.$tDon Quixote.
=955  \\$bark:/13960/t7wm7gz9b$qvulgarizaciondel00cavi
=852  8\$beresour-nc$hOnline Resource$t1
=856  41$3Full text - HathiTrust Digital Library$uhttps://hdl.handle.net/2027/uiuo.ark:/13960/t7wm7gz9b

