=LDR  01279cam a2200373Ia 4500
=001  2804049
=005  20030802183005.0
=008  900530s1912\\\\mou\\\\\\\\\\\000\0\eng\d
=003  UIUdb
=035  \\$a(OCoLC)ocm10933203
=040  \\$aNDD$cNDD$dUIU
=035  \\$9ASQ-5623
=035  \\$9UC 03092374
=092  \\$a335$bR588, S271x, no.8
=049  \\$aUIUU
=100  1\$aTichenor, H. M.$q(Henry Mulford),$d1858-1923.
=245  12$aA wave of horror :$ba comparative picture of the Los Angeles tragedy /$cby Henry M. Tichenor.
=260  \\$aSaint Louis, Mo. :$bNational Rip-Saw Pub. Co.,$c1912.
=300  \\$a32 p. ;$c21 cm.
=440  \0$aRip-saw series ;$vno. 8
=500  \\$aCover title.
=651  \0$aLos Angeles (Calif.)$xBombing, 1910.
=650  \0$aWorking class$zUnited States.
=650  \0$aLabor movement$zUnited States.
=650  \0$aLabor$zUnited States.
=650  \0$aWork environment$zUnited States.
=650  \0$aIndustrial accidents$zUnited States.
=650  \0$aHazardous occupations.
=910  \\$arcp3596
=994  \\$a02$bUIU
=910  \\$aMARS
=955  \\$bark:/13960/t0200dh9f$qwaveofhorrorcomp00tich
=852  8\$beresour-nc$hOnline Resource$t1
=856  41$3Full text - HathiTrust Digital Library$uhttps://hdl.handle.net/2027/uiuo.ark:/13960/t0200dh9f

