=LDR  01095cam a2200301Ia 4500
=001  2803493
=005  20030802091333.0
=008  900530s1876\\\\dcu\\\\\\\\\\\000\0\eng\d
=003  UIUdb
=035  \\$a(OCoLC)ocm15142435
=040  \\$aLRU$cLRU$dIXA$dUIU
=035  \\$9ASQ-5066
=035  \\$9UC 03034261
=090  \\$aE668$b.H55 1876
=049  \\$aUIUU
=100  1\$aHill, Benjamin H.$q(Benjamin Harvey),$d1823-1882.
=245  10$a"We are in our Fathers' house" :$bspeech of Hon. Benjamin H. Hill of Georgia, on the General Amnesty Bill.$cDelivered in the House of Representatives, January 11, 1876.
=260  \\$aWashington :$bCunningham & Brashears, printers,$c1876.
=300  \\$a16 p. ;$c24 cm.
=650  \0$aAmnesty$zUnited States.
=650  \0$aReconstruction$vSpeeches in Congress.
=610  20$aAndersonville Prison.
=910  \\$arcp1326
=994  \\$a02$bUIU
=910  \\$aMARS
=955  \\$bark:/13960/t9j44zs1h$qweareinourfather00hill
=852  8\$beresour-nc$hOnline Resource$t1
=856  41$3Full text - HathiTrust Digital Library$uhttps://hdl.handle.net/2027/uiuo.ark:/13960/t9j44zs1h

