=LDR  00761cam a22002291  4500
=001  2785748
=005  20080122224557.0
=008  900530s1916\\\\mau\\\\\\\\\\\\\\\\\eng\u
=003  UIUdb
=035  \\$a(OCoLC)ocm77319292
=035  \\$9ASO-7216
=035  \\$9UC 09036648
=035  \\$aurb00134214
=040  \\$dUtOrBLW
=100  1\$aMorton, Agnes L.
=245  10$aWe're growing old together, you and I /$carr. by Philip Greely.
=260  \\$aBoston :$bC.W. Thompson & Co.,$cc1916.
=300  \\$a5 p. ;$ccm.
=440  \0$aThompson's edition for male voices ;$vser. 3
=955  \\$bark:/13960/t10p78h2m$qweregrowingoldto00mort
=852  8\$beresour-nc$hOnline Resource$t1
=856  41$3Full text - HathiTrust Digital Library$uhttps://hdl.handle.net/2027/uiuo.ark:/13960/t10p78h2m

