=LDR  01046cam a22002771  4500
=001  2810596
=005  20080123225446.0
=008  900530s1899\\\\nyu\\\\\\\\\\\\\\\\\eng\u
=003  UIUdb
=035  \\$a(OCoLC)ocm77321144
=035  \\$9ASR-2183
=035  \\$9UC 12096311
=035  \\$auil00058055
=040  \\$dUtOrBLW
=100  1\$aFish, Stuyvesant,$d1851-1923.
=245  10$aWhat is necessary to ascertain and fix a just compensation to the railroads for carrying the mails? :$bstatement submitted to the Joint Commission to Investigate the Postal Service, January 6, 1899.
=260  \\$a[New York,$c1899?]
=300  \\$a15 p. ;$ccm.
=650  \0$aRailway mail service$zUnited States.
=650  \0$aRailroads$zUnited States$xRates.
=911  \\$1m$2ASR-2183$3UC 12096311$47/7/2004 9:57:29$a385.14 F529W
=913  \\$14621
=910  \\$aMARS
=955  \\$bark:/13960/t7rn9cj26$qwhatisnecessaryt00fish
=852  8\$beresour-nc$hOnline Resource$t1
=856  41$3Full text - HathiTrust Digital Library$uhttps://hdl.handle.net/2027/uiuo.ark:/13960/t7rn9cj26

