=LDR  01245cam a2200301I  4500
=001  2917136
=005  20170724090041.0
=008  900530s1866\\\\nyu\\\\\\\\\\\000\0\eng\d
=003  UIUdb
=035  \\$a(OCoLC)ocm05109021
=040  \\$aCIN$beng$cCIN$dOCL$dOCLCG$dKRTAS$dOCLCQ$dOCLCA
=050  \4$aPR1245$b.D7 v.12
=049  \\$aUIUU
=100  1\$aMathews, Charles,$d1803-1878.
=245  10$aWho Killed Cock Robin?$bA farce, in two acts. To which are added, a description of the costumes, cast of the characters ... and the whole of the stage business.
=260  \\$aN.Y.,$bS. French$c[1866?]
=300  \\$a34 pages$c19 cm.
=336  \\$atext$btxt$2rdacontent
=337  \\$aunmediated$bn$2rdamedia
=338  \\$avolume$bnc$2rdacarrier
=490  0\$aFrench's minor drama. The acting edition.$vno. 298
=490  1\$aDramas acted by the Shakespeare Club of Cincinnati.$vv. 12, no. 3
=830  \0$aDramas acted by the Shakespeare Club of Cincinnati. ;$vv. 12, no. 3.
=938  \\$aKirtas Technologies, Inc.$bKRTS$n897491
=994  \\$aC0$bUIU
=955  \\$bark:/13960/t6645z97k$qwhokilledcockrob00math
=852  8\$beresour-nc$hOnline Resource$t1
=856  41$3Full text - HathiTrust Digital Library$uhttps://hdl.handle.net/2027/uiuo.ark:/13960/t6645z97k

