=LDR  00841cam a2200289I  4500
=001  3251077
=005  20030804064649.0
=008  900530s1901\\\\nyu\\\\\\\\\\\000\0\eng\d
=003  UIUdb
=035  \\$a(OCoLC)ocm06240863
=040  \\$aKKU$cKKU$dUIU
=035  \\$9AUV-5017
=035  \\$9UC 04011188
=090  \\$aHN64$b.H9
=049  \\$aUIUU
=100  1\$aHubbard, George Henry,$d1857-
=245  14$aThe why of poverty /$cby George H. Hubbard.
=260  \\$aNew York :$bAbbey Press,$c1901.
=300  \\$a181 p. ;$c21 cm.
=650  \0$aPoverty.
=650  \0$aSocial problems.
=910  \\$arcp1136
=994  \\$a02$bUIU
=910  \\$aMARS
=955  \\$bark:/13960/t3zs8z68d$qwhyofpoverty00hubb_0
=852  8\$beresour-nc$hOnline Resource$t1
=856  41$3Full text - HathiTrust Digital Library$uhttps://hdl.handle.net/2027/uiuo.ark:/13960/t3zs8z68d

