=LDR  00965cam a2200265K  4500
=001  2774741
=005  20030801044541.0
=008  900530s1919\\\\pl\\\\\\\\\\\\000\0\ger\d
=003  UIUdb
=035  \\$a(OCoLC)ocm22752591
=040  \\$aZCU$cZCU$dOCLCQ$dUIU
=035  \\$9ASN-6183
=035  \\$9UC 00047836
=049  \\$aUIUU
=100  1\$aRemmy, Richard,$d1889-
=245  10$aWird durch die als-ob-Betrachtung bei Kant die Realität Gottes in Frage gestellt?$bEine Auseinandersetzung mit Vaihingers "Philosophie des als-ob"; Inaugural-Dissertation ...$cvorgelegt durch Richard Remmy ...
=260  \\$aNakel :$b"Zum Gutenburg",$c1919.
=300  \\$a48 p.$c23 cm.
=502  \\$aThesis--Erlangen, 1918.
=910  \\$arcp3697
=994  \\$a02$bUIU
=910  \\$aMARS
=955  \\$bark:/13960/t9f53w46m$qwirddurchdiealso00remm
=852  8\$beresour-nc$hOnline Resource$t1
=856  41$3Full text - HathiTrust Digital Library$uhttps://hdl.handle.net/2027/uiuo.ark:/13960/t9f53w46m

