=LDR  00813cam a2200253K  4500
=001  2784526
=005  20030802054251.0
=008  900530s1915\\\\sz\\\\\\\\\\\\000\0\ger\d
=003  UIUdb
=035  \\$a(OCoLC)ocm42730130
=040  \\$aPUL$cPUL$dOCLCQ$dUIU
=035  \\$9ASO-5989
=035  \\$9UC 08039783
=049  \\$aUIUU
=100  1\$aTöndury, Hans.
=245  10$aWirtschaftliche unabhängigkeit?$bVortrag gehalten den 15. jan. 1915 in der gruppe St. Gallen der Neuen helvet. gesellschaft ...
=260  \\$aZürich,$c1915.
=300  \\$a31 p.
=910  \\$arcp3604
=994  \\$a02$bUIU
=910  \\$aMARS
=955  \\$bark:/13960/t6tx9j71v$qwirtschaftlicheu00tond
=852  8\$beresour-nc$hOnline Resource$t1
=856  41$3Full text - HathiTrust Digital Library$uhttps://hdl.handle.net/2027/uiuo.ark:/13960/t6tx9j71v

