=LDR  00927cam a2200241uu 4500
=001  2511266
=005  20071205224013.0
=008  900530s1807\\\\wlk\\\\|\\\\\\|||\||wel\d
=003  UIUdb
=035  \\$a(OCoLC)ocm77302735
=035  \\$9ARM-8449
=035  \\$9UC 00099096
=035  \\$a(CStRLIN)ERMMGBAB00022920-B
=040  \\$beng$dUk$dGyGoERM$dCStRLIN
=100  1\$aErskine, Ralph,$d1685-1752.
=245  12$aY briodas oreu, neu'r Anghydmarol briodas rhwng y Creawdwr a'r Creadur :$ba bregethwyd gan Ralph Erskine oddi ar Esaia liv, 5.
=260  \\$aCaes Newydd [Newport] :$bArgraphwyd dros Evan Lewis gan J. Baker, Bristo,$c[1807?]
=300  \\$a44p ;$c19cm.
=730  0\$aBest match.$lWelsh.
=987  \\$amissing$bmatch points
=955  \\$bark:/13960/t9965rv5r$qybriodasoreuneur00ersk
=852  8\$beresour-nc$hOnline Resource$t1
=856  41$3Full text - HathiTrust Digital Library$uhttps://hdl.handle.net/2027/uiuo.ark:/13960/t9965rv5r

