=LDR  01082cam a2200289Ii 4500
=001  469360
=005  20130430181858.0
=008  810403s1894\\\\un\a\\\\\b\\\\000\0\pol\d
=003  UIUdb
=035  \\$a(OCoLC)ocm07304531
=040  \\$aUIU$beng$cUIU$dOCLCQ$dUIU
=043  \\$ae-un---
=092  \\$a728.81094771$bK949z
=049  \\$aUIUU
=100  1\$aKryczyński, Władysław.
=245  10$aZamek w Podhorcach :$bz trzema illustracyami /$cWładysław Kryczynski.
=260  \\$aZłoczów :$bNakł. i dr. Wilhelma Zukarkandla,$c1894.
=300  \\$a90 p. :$bill. ;$c15 cm.
=490  1\$aBiblioteka powszechna ;$vno. 135-136
=504  \\$aIncludes bibliographical references.
=650  \0$aCastles$zUkraine$zPidhirt͡si.
=651  \0$aPidhirt͡si (Ukraine)$xBuildings, structures, etc.
=830  \0$aBiblioteka powszechna (Złoczów, Ukraine)$vno. 135-136.
=994  \\$aC0$bUIU
=955  \\$bark:/13960/t5k99dc4s$qzamekwpodhorcach00kryc
=852  8\$beresour-nc$hOnline Resource$t1
=856  41$3Full text - HathiTrust Digital Library$uhttps://hdl.handle.net/2027/uiuo.ark:/13960/t5k99dc4s

