=LDR  01050cam a2200313Ia 4500
=001  2914116
=005  20080314194445.0
=008  900530s1921\\\\nyua\\\\\\\\\\000\0\ukrod
=003  UIUdb
=035  \\$a(OCoLC)ocm22581750
=040  \\$aCOD$cCOD
=035  \\$9uc 06015848
=035  \\$9ATB-8437
=041  1\$aukr$hrus
=090  \\$aPG3476.B37$bZ3477 1921
=049  \\$aUIUU
=100  1\$aBednyĭ, Demʹi͡an,$d1883-1945.
=240  10$aZemli͡a obi͡etovannai͡a.$lUkrainian
=245  10$aZemli͡a obitovana /$cDemʹian Bi͡ednyĭ ; pereklav P.D.
=260  \\$aNi͡u Ĭork :$aVidenʹ :$bVyd-vo "Molot",$c1921.
=300  \\$a40 p. :$bill. ;$c20 cm.
=490  0\$aBiblioteka "Molota" ;$vch.2
=500  \\$aTranslation of:  Zemli͡a obi͡etovannai͡a.
=699  \9$a891.74B39OZUD
=740  01$aZemli͡a obi͡etovannai͡a.
=994  \\$a92$bUIU
=955  \\$bark:/13960/t71w1qn50$qzemliaobitovana00bedn
=852  8\$beresour-nc$hOnline Resource$t1
=856  41$3Full text - HathiTrust Digital Library$uhttps://hdl.handle.net/2027/uiuo.ark:/13960/t71w1qn50

