=LDR  01153cam a2200301Ma 4500
=001  2511133
=005  20030730131949.0
=008  900530s1899\\\\gw\\\\\\\\\\\\000\0\ger\d
=003  UIUdb
=035  \\$a(OCoLC)ocm48604298
=040  \\$aEQO$cEQO$dUIU
=035  \\$9ARM-8316
=035  \\$9UC 00089595
=049  \\$aUIUU
=100  1\$aLippmann, Edmund O. von$q(Edmund Oskar),$db. 1857.
=245  10$aZum dreihundertjährigen Geburtstage Réne Descartes' /$cvon Edmund O. von Lippmann.
=246  15$aGedächtnisrede zum dreihundertjährigen Geburtstage Réne Descartes'
=260  \\$aStuttgart :$bE. Schweizerbart'sche,$c1899.
=300  \\$a35 p. ;$c23 cm.
=440  \0$aSonderdruck a.d. Abhandlungen der Naturforschenden Gesellschaft zu Halle Bd. XXII.
=440  \0$aAbhandlungen der naturforschenden Gesellschaft zu Halle. ;$vBd. XXII
=600  10$aDescartes, René,$d1596-1650.
=910  \\$arcp3697
=994  \\$a02$bUIU
=910  \\$aMARS
=955  \\$bark:/13960/t5bd05x50$qzumdreihundertja00lipp
=852  8\$beresour-nc$hOnline Resource$t1
=856  41$3Full text - HathiTrust Digital Library$uhttps://hdl.handle.net/2027/uiuo.ark:/13960/t5bd05x50

