=LDR  00752nam a22002174a 4500
=001  4681062
=005  20031231093951.0
=008  031231s1901\\\\mnu\\\\\\\\\\\000\0\eng\d
=003  UIUdb
=035  \\$a(OCoLC)ocm53967921
=040  \\$aUIU$cUIU
=049  \\$aUIUU$mno
=100  1\$aKlaeber, Fr.$q(Friedrich),$d1863-1954
=245  10$aZur Altenglishen Bedaübersetzung /$c[Fr. Klaeber]
=260  \\$a[Minnesota :$bUniv. of Minnesota,$c1901.
=300  \\$ap. [257]-315. ;$c23 cm.
=650  \0$aEnglish language$yOld English, ca. 450-1100
=994  \\$aX0$bUIU
=955  \\$bark:/13960/t2s52w035$qzuraltenglishenb00klae
=852  8\$beresour-nc$hOnline Resource$t1
=856  41$3Full text - HathiTrust Digital Library$uhttps://hdl.handle.net/2027/uiuo.ark:/13960/t2s52w035

