=LDR  00806cam a22002291  4500
=001  2125751
=005  20071129222444.0
=008  900530s1860\\\\gw\\\\\\\\\\\\\\\\\dger\u
=003  UIUdb
=035  \\$a(OCoLC)ocm77213078
=035  \\$9APZ-7225
=035  \\$9UC 12012386
=035  \\$aurb00132283
=040  \\$dUtOrBLW
=100  1\$aMohr, Friedrich,$d1806-1879.
=245  10$aZur Geschichte der Schiller-Bilder /$cVon Med.-Rath Dr. Mohr.
=260  \\$a[Coblenz :$bKrabben'sche Buchdruckerei,$c1860?]
=300  \\$a15 p. ;$c20 cm.
=600  10$aSchiller, Johann Christoph Friedrich von,$d1759-1805$xIconography.
=955  \\$bark:/13960/t9c59t87q$qzurgeschichteder00mohr
=852  8\$beresour-nc$hOnline Resource$t1
=856  41$3Full text - HathiTrust Digital Library$uhttps://hdl.handle.net/2027/uiuo.ark:/13960/t9c59t87q

