=LDR  00977cam a2200277I  4500
=001  2125735
=005  20030806145741.0
=008  900530s1922\\\\gw\\\\\\\\\\\\000\0\ger\d
=003  UIUdb
=035  \\$a(OCoLC)ocm38586519
=040  \\$aNDD$cNDD$dUIU
=035  \\$9APZ-7209
=035  \\$9UC 12010320
=092  \\$a378.242$bZ94, v. 48, no. 1.
=049  \\$aUIUU
=100  1\$aSchindler, Walter,$d1885-
=245  10$aZur geschichte von Schweizer handel und industrie unter besonderer berücksichtigung der privilegien der eidg.$bkaurleute in Frankreich im 17. und 18. jahrhundert ...
=260  \\$aCalw :$bA. Oelschläger,$c1922.
=300  \\$a175 p.$c24 cm.
=500  \\$aThesis (Ph. D.) - Zürich University.
=910  \\$arcp2763
=994  \\$a02$bUIU
=910  \\$aMARS
=955  \\$bark:/13960/t1wf02x11$qzurgeschichtevon00schi
=852  8\$beresour-nc$hOnline Resource$t1
=856  41$3Full text - HathiTrust Digital Library$uhttps://hdl.handle.net/2027/uiuo.ark:/13960/t1wf02x11

