=LDR  00860cam a2200265K  4500
=001  2231897
=005  20030801080259.0
=008  900530s1910\\\\gw\\\\\\\m\\\\000\0\ger\d
=003  UIUdb
=035  \\$a(OCoLC)ocm47805754
=040  \\$aYUS$cYUS$dUIU
=035  \\$9AQK-4023
=035  \\$9UC 06045790
=049  \\$aUIUU
=100  1\$aPriess, Hans Waldemar, a. Elmshorn,$d1879-
=245  10$aZur Kenntnis der Inhaltsstoffe von Fagara xanthoxyloides Lam.
=260  \\$aElmshorn :$bKoch,$c1910.
=300  \\$a46 S.$c8vo.
=502  \\$aBerlin, Phil. Diss. v. 17. Sept. 1910, Ref. Gabriel, Schwendener.
=910  \\$arcp2430
=994  \\$a02$bUIU
=910  \\$aMARS
=955  \\$bark:/13960/t6vx6k59d$qzurkenntnisderin00prie
=852  8\$beresour-nc$hOnline Resource$t1
=856  41$3Full text - HathiTrust Digital Library$uhttps://hdl.handle.net/2027/uiuo.ark:/13960/t6vx6k59d

