=LDR  00920cam a2200277K  4500
=001  2784540
=005  20030731120627.0
=008  900530s1912\\\\gw\\\\\\\m\\\\000\0\ger\d
=003  UIUdb
=035  \\$a(OCoLC)ocm41555917
=040  \\$aZT8$cZT8$dUIU
=035  \\$9ASO-6003
=035  \\$9UC 08041527
=049  \\$aUIUU
=100  1\$aRotzoll, Hermann.
=245  10$aZur Verwertung von Pilotballonen im Wetterdienst.
=260  \\$aBerlin :$bSpringer,$c1912.
=300  \\$a76 S.$c4to(8vo).
=500  \\$aAus: Jahrbuch d. Motorluftschiff-Studiengesellsch. 1911/12.
=502  \\$aStrassburg, Math.-naturw. Diss. V. 28. Febr. 1912, Ref. Hergesell, Bauschinger.
=910  \\$arcp3604
=994  \\$a02$bUIU
=910  \\$aMARS
=955  \\$bark:/13960/t1dk1nh51$qzurverwertungvon00rotz
=852  8\$beresour-nc$hOnline Resource$t1
=856  41$3Full text - HathiTrust Digital Library$uhttps://hdl.handle.net/2027/uiuo.ark:/13960/t1dk1nh51

